<?xml version="1.0" encoding="UTF-8"?>
<!DOCTYPE html PUBLIC "-//W3C//DTD XHTML 1.0 Transitional//EN"
    "http://www.w3.org/TR/xhtml1/DTD/xhtml1-transitional.dtd">
<html xmlns="http://www.w3.org/1999/xhtml" xml:lang="en" lang="en">
 <head>
  <title>
</title>
<meta http-equiv="Content-Type" content="text/html;charset=utf-8" />
  <meta name='ocr-system' content='tesseract 3.04.00' />
  <meta name='ocr-capabilities' content='ocr_page ocr_carea ocr_par ocr_line ocrx_word'/>
</head>
<body>
  <div class='ocr_page' id='page_1' title='image "./desideriierasmi01erasgoog_0180.png"; bbox 0 0 2192 3270; ppageno 0'>
   <div class='ocr_carea' id='block_1_1' title="bbox 298 121 863 252">
    <p class='ocr_par' dir='ltr' id='par_1_1' title="bbox 298 121 863 252">
     <span class='ocr_line' id='line_1_1' title="bbox 298 121 863 252; baseline 0.004 -10"><span class='ocrx_word' id='word_1_1' title='bbox 298 146 641 248; x_wconf 46' lang='lat' dir='ltr'>&#39;ouinooo&#39;xos</span> <span class='ocrx_word' id='word_1_2' title='bbox 719 121 726 162; x_wconf 36' lang='grc' dir='ltr'>ι</span> <span class='ocrx_word' id='word_1_3' title='bbox 793 185 863 252; x_wconf 67' lang='grc' dir='ltr'>,ιιι</span> 
     </span>
    </p>
   </div>
   <div class='ocr_carea' id='block_1_2' title="bbox 58 287 892 1124">
    <p class='ocr_par' dir='ltr' id='par_1_2' title="bbox 58 287 892 1124">
     <span class='ocr_line' id='line_1_2' title="bbox 58 287 864 376; baseline 0 -30"><span class='ocrx_word' id='word_1_4' title='bbox 58 289 116 346; x_wconf 90' lang='lat' dir='ltr'>dem</span> <span class='ocrx_word' id='word_1_5' title='bbox 128 287 192 346; x_wconf 87' lang='lat' dir='ltr'>lilio</span> <span class='ocrx_word' id='word_1_6' title='bbox 209 291 350 352; x_wconf 83' lang='lat' dir='ltr'>concessit</span> <span class='ocrx_word' id='word_1_7' title='bbox 364 291 481 376; x_wconf 53' lang='lat' dir='ltr'>iupiter7</span> <span class='ocrx_word' id='word_1_8' title='bbox 515 291 588 346; x_wconf 86' lang='lat' dir='ltr'>Nam</span> <span class='ocrx_word' id='word_1_9' title='bbox 599 296 664 360; x_wconf 88' lang='lat' dir='ltr'>post</span> <span class='ocrx_word' id='word_1_10' title='bbox 676 297 722 360; x_wconf 81' lang='lat' dir='ltr'>tot</span> <span class='ocrx_word' id='word_1_11' title='bbox 736 298 864 346; x_wconf 79' lang='lat' dir='ltr'>monstra</span> 
     </span>
     <span class='ocr_line' id='line_1_3' title="bbox 58 361 864 424; baseline 0.002 -10"><span class='ocrx_word' id='word_1_12' title='bbox 58 364 159 424; x_wconf 79' lang='lat' dir='ltr'>virtute</span> <span class='ocrx_word' id='word_1_13' title='bbox 170 361 279 416; x_wconf 84' lang='lat' dir='ltr'>domita</span> <span class='ocrx_word' id='word_1_14' title='bbox 289 377 351 413; x_wconf 89' lang='lat' dir='ltr'>cum</span> <span class='ocrx_word' id='word_1_15' title='bbox 363 367 477 415; x_wconf 76' lang='lat' dir='ltr'>excetra</span> <span class='ocrx_word' id='word_1_16' title='bbox 486 362 539 414; x_wconf 88' lang='lat' dir='ltr'>luit</span> <span class='ocrx_word' id='word_1_17' title='bbox 550 367 704 416; x_wconf 81' lang='lat' dir='ltr'>extremum</span> <span class='ocrx_word' id='word_1_18' title='bbox 714 369 864 424; x_wconf 84' lang='lat' dir='ltr'>certamen,</span> 
     </span>
     <span class='ocr_line' id='line_1_4' title="bbox 60 430 863 502; baseline 0.002 -18"><span class='ocrx_word' id='word_1_19' title='bbox 60 431 142 502; x_wconf 88' lang='lat' dir='ltr'>idque</span> <span class='ocrx_word' id='word_1_20' title='bbox 163 433 254 484; x_wconf 90' lang='lat' dir='ltr'>multo</span> <span class='ocrx_word' id='word_1_21' title='bbox 277 430 403 484; x_wconf 79' lang='lat' dir='ltr'>omnium</span> <span class='ocrx_word' id='word_1_22' title='bbox 424 431 686 500; x_wconf 84' lang='lat' dir='ltr'>pertinacissimum.</span> <span class='ocrx_word' id='word_1_23' title='bbox 732 445 780 484; x_wconf 80' lang='lat' dir='ltr'>ru.</span> <span class='ocrx_word' id='word_1_24' title='bbox 802 434 863 500; x_wconf 80' lang='lat' dir='ltr'>Ego</span> 
     </span>
     <span class='ocr_line' id='line_1_5' title="bbox 61 499 864 570; baseline -0.002 -16"><span class='ocrx_word' id='word_1_25' title='bbox 61 501 175 554; x_wconf 79' lang='lat' dir='ltr'><strong>Herculi</strong></span> <span class='ocrx_word' id='word_1_26' title='bbox 192 513 260 554; x_wconf 84' lang='lat' dir='ltr'>suos</span> <span class='ocrx_word' id='word_1_27' title='bbox 278 501 418 570; x_wconf 80' lang='lat' dir='ltr'>gloriosos</span> <span class='ocrx_word' id='word_1_28' title='bbox 439 501 551 556; x_wconf 82' lang='lat' dir='ltr'>labores</span> <span class='ocrx_word' id='word_1_29' title='bbox 567 515 708 567; x_wconf 84' lang='lat' dir='ltr'>nunquam</span> <span class='ocrx_word' id='word_1_30' title='bbox 724 499 864 554; x_wconf 81' lang='lat' dir='ltr'><strong>invidebo.</strong></span> 
     </span>
     <span class='ocr_line' id='line_1_6' title="bbox 62 568 867 640; baseline 0.002 -18"><span class='ocrx_word' id='word_1_31' title='bbox 62 572 114 622; x_wconf 87' lang='lat' dir='ltr'>Eos</span> <span class='ocrx_word' id='word_1_32' title='bbox 126 569 241 624; x_wconf 88' lang='lat' dir='ltr'>demum</span> <span class='ocrx_word' id='word_1_33' title='bbox 257 570 357 624; x_wconf 78' lang='lat' dir='ltr'>felices</span> <span class='ocrx_word' id='word_1_34' title='bbox 377 571 463 635; x_wconf 88' lang='lat' dir='ltr'>duco,</span> <span class='ocrx_word' id='word_1_35' title='bbox 481 572 581 640; x_wconf 88' lang='lat' dir='ltr'>quibus</span> <span class='ocrx_word' id='word_1_36' title='bbox 597 569 703 638; x_wconf 79' lang='lat' dir='ltr'>obtigit</span> <span class='ocrx_word' id='word_1_37' title='bbox 718 568 867 624; x_wconf 87' lang='lat' dir='ltr'>honestum</span> 
     </span>
     <span class='ocr_line' id='line_1_7' title="bbox 62 639 867 701; baseline 0.005 -11"><span class='ocrx_word' id='word_1_38' title='bbox 62 654 159 692; x_wconf 87' lang='lat' dir='ltr'>nomen</span> <span class='ocrx_word' id='word_1_39' title='bbox 176 640 258 693; x_wconf 81' lang='lat' dir='ltr'>nulle</span> <span class='ocrx_word' id='word_1_40' title='bbox 271 639 378 693; x_wconf 85' lang='lat' dir='ltr'>invidia</span> <span class='ocrx_word' id='word_1_41' title='bbox 396 642 626 694; x_wconf 85' lang='lat' dir='ltr'>contaminatum.</span> <span class='ocrx_word' id='word_1_42' title='bbox 663 655 703 692; x_wconf 70' lang='grc' dir='ltr'>ει.</span> <span class='ocrx_word' id='word_1_43' title='bbox 713 639 771 701; x_wconf 81' lang='lat' dir='ltr'>Vis,</span> <span class='ocrx_word' id='word_1_44' title='bbox 782 645 814 690; x_wconf 90' lang='lat' dir='ltr'>ut</span> <span class='ocrx_word' id='word_1_45' title='bbox 825 639 867 694; x_wconf 75' lang='lat' dir='ltr'>vi·</span> 
     </span>
     <span class='ocr_line' id='line_1_8' title="bbox 62 707 892 775; baseline 0.004 -14"><span class='ocrx_word' id='word_1_46' title='bbox 62 709 121 774; x_wconf 86' lang='lat' dir='ltr'>deo,</span> <span class='ocrx_word' id='word_1_47' title='bbox 141 710 269 764; x_wconf 79' lang='lat' dir='ltr'>suaviter</span> <span class='ocrx_word' id='word_1_48' title='bbox 289 710 398 775; x_wconf 82' lang='lat' dir='ltr'>vivere3</span> <span class='ocrx_word' id='word_1_49' title='bbox 421 725 454 764; x_wconf 86' lang='lat' dir='ltr'>ee</span> <span class='ocrx_word' id='word_1_50' title='bbox 475 711 579 763; x_wconf 84' lang='lat' dir='ltr'>metuis</span> <span class='ocrx_word' id='word_1_51' title='bbox 598 709 748 762; x_wconf 75' lang='lat' dir='ltr'>invidiams</span> <span class='ocrx_word' id='word_1_52' title='bbox 768 707 868 764; x_wconf 84' lang='lat' dir='ltr'>occid</span> <span class='ocrx_word' id='word_1_53' title='bbox 889 729 892 734; x_wconf 94' lang='lat'>·</span> 
     </span>
     <span class='ocr_line' id='line_1_9' title="bbox 60 775 867 847; baseline -0.001 -16"><span class='ocrx_word' id='word_1_54' title='bbox 60 780 181 842; x_wconf 80' lang='lat' dir='ltr'>iniuria,</span> <span class='ocrx_word' id='word_1_55' title='bbox 202 777 326 830; x_wconf 71' lang='lat' dir='ltr'>adsessos</span> <span class='ocrx_word' id='word_1_56' title='bbox 335 775 386 847; x_wconf 70' lang='grc' dir='ltr'>γάρ</span> <span class='ocrx_word' id='word_1_57' title='bbox 402 781 456 830; x_wconf 78' lang='lat' dir='ltr'>lon</span> <span class='ocrx_word' id='word_1_58' title='bbox 470 781 579 847; x_wconf 72' lang='grc' dir='ltr'><strong><em>θηρίον.</em></strong></span> <span class='ocrx_word' id='word_1_59' title='bbox 616 795 663 832; x_wconf 80' lang='lat' dir='ltr'>sir.</span> <span class='ocrx_word' id='word_1_60' title='bbox 676 779 723 830; x_wconf 86' lang='lat' dir='ltr'>Sic</span> <span class='ocrx_word' id='word_1_61' title='bbox 734 789 785 830; x_wconf 83' lang='lat' dir='ltr'>ost.</span> <span class='ocrx_word' id='word_1_62' title='bbox 823 791 867 832; x_wconf 75' lang='lat' dir='ltr'>er.</span> 
     </span>
     <span class='ocr_line' id='line_1_10' title="bbox 60 843 865 916; baseline -0.005 -14"><span class='ocrx_word' id='word_1_63' title='bbox 60 851 136 916; x_wconf 81' lang='lat' dir='ltr'>Ergo</span> <span class='ocrx_word' id='word_1_64' title='bbox 153 845 225 898; x_wconf 68' lang='lat' dir='ltr'>tuos</span> <span class='ocrx_word' id='word_1_65' title='bbox 239 843 346 915; x_wconf 73' lang='grc' dir='ltr'><strong>βιώσας.</strong></span> <span class='ocrx_word' id='word_1_66' title='bbox 382 863 431 901; x_wconf 80' lang='lat' dir='ltr'>ris.</span> <span class='ocrx_word' id='word_1_67' title='bbox 442 850 478 901; x_wconf 83' lang='lat' dir='ltr'>At</span> <span class='ocrx_word' id='word_1_68' title='bbox 494 848 568 900; x_wconf 86' lang='lat' dir='ltr'>istuc</span> <span class='ocrx_word' id='word_1_69' title='bbox 583 854 627 902; x_wconf 89' lang='lat' dir='ltr'>est</span> <span class='ocrx_word' id='word_1_70' title='bbox 642 853 782 902; x_wconf 82' lang='lat' dir='ltr'>mortuum</span> <span class='ocrx_word' id='word_1_71' title='bbox 794 863 865 912; x_wconf 83' lang='lat' dir='ltr'>csse,</span> 
     </span>
     <span class='ocr_line' id='line_1_11' title="bbox 61 915 867 987; baseline 0.002 -19"><span class='ocrx_word' id='word_1_72' title='bbox 61 919 229 970; x_wconf 76' lang='lat' dir='ltr'>convivere.</span> <span class='ocrx_word' id='word_1_73' title='bbox 260 929 306 974; x_wconf 80' lang='lat' dir='ltr'>ss.</span> <span class='ocrx_word' id='word_1_74' title='bbox 317 915 451 985; x_wconf 78' lang='lat' dir='ltr'>intelligo</span> <span class='ocrx_word' id='word_1_75' title='bbox 462 917 528 987; x_wconf 83' lang='lat' dir='ltr'>quid</span> <span class='ocrx_word' id='word_1_76' title='bbox 540 917 665 975; x_wconf 75' lang='lat' dir='ltr'>affectes.</span> <span class='ocrx_word' id='word_1_77' title='bbox 698 918 729 970; x_wconf 90' lang='lat' dir='ltr'>ln</span> <span class='ocrx_word' id='word_1_78' title='bbox 739 916 800 971; x_wconf 91' lang='lat' dir='ltr'>sole</span> <span class='ocrx_word' id='word_1_79' title='bbox 812 915 867 970; x_wconf 82' lang='lat' dir='ltr'>cis·</span> 
     </span>
     <span class='ocr_line' id='line_1_12' title="bbox 61 983 868 1056; baseline -0.001 -17"><span class='ocrx_word' id='word_1_80' title='bbox 61 987 174 1040; x_wconf 78' lang='lat' dir='ltr'>sissimo</span> <span class='ocrx_word' id='word_1_81' title='bbox 186 985 294 1040; x_wconf 79' lang='lat' dir='ltr'>versari</span> <span class='ocrx_word' id='word_1_82' title='bbox 304 985 409 1052; x_wconf 73' lang='lat' dir='ltr'>gaudes</span> <span class='ocrx_word' id='word_1_83' title='bbox 416 989 520 1054; x_wconf 85' lang='lat' dir='ltr'>absque</span> <span class='ocrx_word' id='word_1_84' title='bbox 528 983 635 1040; x_wconf 72' lang='lat' dir='ltr'>unihhs.</span> <span class='ocrx_word' id='word_1_85' title='bbox 667 986 795 1040; x_wconf 66' lang='lat' dir='ltr'>riilstuc</span> <span class='ocrx_word' id='word_1_86' title='bbox 806 987 868 1056; x_wconf 88' lang='lat' dir='ltr'>qui·</span> 
     </span>
     <span class='ocr_line' id='line_1_13' title="bbox 62 1055 867 1124; baseline -0.002 -14"><span class='ocrx_word' id='word_1_87' title='bbox 62 1057 125 1110; x_wconf 88' lang='lat' dir='ltr'>dem</span> <span class='ocrx_word' id='word_1_88' title='bbox 138 1057 201 1108; x_wconf 87' lang='lat' dir='ltr'>lieri</span> <span class='ocrx_word' id='word_1_89' title='bbox 215 1070 271 1108; x_wconf 89' lang='lat' dir='ltr'>uon</span> <span class='ocrx_word' id='word_1_90' title='bbox 285 1061 387 1123; x_wconf 81' lang='lat' dir='ltr'>potest.</span> <span class='ocrx_word' id='word_1_91' title='bbox 418 1071 458 1109; x_wconf 87' lang='lat' dir='ltr'>sr.</span> <span class='ocrx_word' id='word_1_92' title='bbox 469 1059 504 1108; x_wconf 82' lang='lat' dir='ltr'>At</span> <span class='ocrx_word' id='word_1_93' title='bbox 514 1055 602 1110; x_wconf 88' lang='lat' dir='ltr'>nihilo</span> <span class='ocrx_word' id='word_1_94' title='bbox 618 1057 708 1124; x_wconf 78' lang='lat' dir='ltr'>magis</span> <span class='ocrx_word' id='word_1_95' title='bbox 726 1055 788 1110; x_wconf 85' lang='lat' dir='ltr'>fieri</span> <span class='ocrx_word' id='word_1_96' title='bbox 805 1061 867 1124; x_wconf 91' lang='lat' dir='ltr'>pot·</span> 
     </span>
    </p>
   </div>
   <div class='ocr_carea' id='block_1_3' title="bbox 63 1114 979 1196">
    <p class='ocr_par' dir='ltr' id='par_1_3' title="bbox 63 1114 979 1196">
     <span class='ocr_line' id='line_1_14' title="bbox 63 1114 979 1196; baseline -0.002 -16"><span class='ocrx_word' id='word_1_97' title='bbox 63 1133 114 1188; x_wconf 78' lang='lat' dir='ltr'>est,</span> <span class='ocrx_word' id='word_1_98' title='bbox 124 1133 159 1178; x_wconf 93' lang='lat' dir='ltr'>ut</span> <span class='ocrx_word' id='word_1_99' title='bbox 169 1123 290 1193; x_wconf 80' lang='lat' dir='ltr'>gloriam</span> <span class='ocrx_word' id='word_1_100' title='bbox 307 1114 390 1178; x_wconf 71' lang='lat' dir='ltr'>ceule</span> <span class='ocrx_word' id='word_1_101' title='bbox 430 1126 487 1178; x_wconf 83' lang='lat' dir='ltr'>aris</span> <span class='ocrx_word' id='word_1_102' title='bbox 503 1125 581 1180; x_wconf 83' lang='lat' dir='ltr'>nulle</span> <span class='ocrx_word' id='word_1_103' title='bbox 597 1126 813 1178; x_wconf 78' lang='lat' dir='ltr'>contaminatam</span> <span class='ocrx_word' id='word_1_104' title='bbox 825 1127 868 1186; x_wconf 83' lang='lat' dir='ltr'>iu·</span> <span class='ocrx_word' id='word_1_105' title='bbox 976 1190 979 1196; x_wconf 26' lang='grc' dir='ltr'>Ι</span> 
     </span>
    </p>
   </div>
   <div class='ocr_carea' id='block_1_4' title="bbox 55 1194 869 2306">
    <p class='ocr_par' dir='ltr' id='par_1_4' title="bbox 55 1194 869 2306">
     <span class='ocr_line' id='line_1_15' title="bbox 62 1194 867 1265; baseline -0.001 -16"><span class='ocrx_word' id='word_1_106' title='bbox 62 1197 153 1264; x_wconf 23' lang='lat' dir='ltr'>vidia..</span> <span class='ocrx_word' id='word_1_107' title='bbox 187 1195 275 1248; x_wconf 86' lang='lat' dir='ltr'>Recte</span> <span class='ocrx_word' id='word_1_108' title='bbox 289 1194 366 1248; x_wconf 81' lang='lat' dir='ltr'>lacta</span> <span class='ocrx_word' id='word_1_109' title='bbox 380 1212 398 1248; x_wconf 87' lang='lat' dir='ltr'>u</span> <span class='ocrx_word' id='word_1_110' title='bbox 412 1202 457 1248; x_wconf 93' lang='lat' dir='ltr'>tro</span> <span class='ocrx_word' id='word_1_111' title='bbox 472 1197 599 1264; x_wconf 85' lang='lat' dir='ltr'>sequitur</span> <span class='ocrx_word' id='word_1_112' title='bbox 612 1196 724 1265; x_wconf 81' lang='lat' dir='ltr'>gloria,</span> <span class='ocrx_word' id='word_1_113' title='bbox 746 1196 867 1265; x_wconf 81' lang='lat' dir='ltr'>gloriam</span> 
     </span>
     <span class='ocr_line' id='line_1_16' title="bbox 65 1265 867 1334; baseline 0.001 -15"><span class='ocrx_word' id='word_1_114' title='bbox 65 1267 219 1319; x_wconf 87' lang='lat' dir='ltr'>comitatur</span> <span class='ocrx_word' id='word_1_115' title='bbox 231 1265 344 1318; x_wconf 77' lang='lat' dir='ltr'>invidia.</span> <span class='ocrx_word' id='word_1_116' title='bbox 381 1281 429 1320; x_wconf 83' lang='lat' dir='ltr'>rrr.</span> <span class='ocrx_word' id='word_1_117' title='bbox 441 1265 523 1333; x_wconf 81' lang='lat' dir='ltr'>Atqui</span> <span class='ocrx_word' id='word_1_118' title='bbox 536 1280 619 1333; x_wconf 87' lang='lat' dir='ltr'>posse</span> <span class='ocrx_word' id='word_1_119' title='bbox 630 1266 747 1334; x_wconf 82' lang='lat' dir='ltr'>gloriam</span> <span class='ocrx_word' id='word_1_120' title='bbox 760 1266 867 1334; x_wconf 78' lang='lat' dir='ltr'>absque</span> 
     </span>
     <span class='ocr_line' id='line_1_17' title="bbox 65 1334 868 1404; baseline -0.001 -17"><span class='ocrx_word' id='word_1_121' title='bbox 65 1335 173 1388; x_wconf 79' lang='lat' dir='ltr'>invidia</span> <span class='ocrx_word' id='word_1_122' title='bbox 183 1339 352 1404; x_wconf 83' lang='lat' dir='ltr'>contingere,</span> <span class='ocrx_word' id='word_1_123' title='bbox 361 1335 445 1391; x_wconf 82' lang='lat' dir='ltr'>docet</span> <span class='ocrx_word' id='word_1_124' title='bbox 455 1350 507 1389; x_wconf 90' lang='lat' dir='ltr'>nos</span> <span class='ocrx_word' id='word_1_125' title='bbox 518 1351 604 1402; x_wconf 65' lang='lat' dir='ltr'>senex</span> <span class='ocrx_word' id='word_1_126' title='bbox 613 1335 665 1388; x_wconf 87' lang='lat' dir='ltr'>ille</span> <span class='ocrx_word' id='word_1_127' title='bbox 676 1335 811 1398; x_wconf 83' lang='lat' dir='ltr'>comicus3</span> <span class='ocrx_word' id='word_1_128' title='bbox 825 1334 868 1386; x_wconf 81' lang='lat' dir='ltr'>ito</span> 
     </span>
     <span class='ocr_line' id='line_1_18' title="bbox 64 1403 868 1477; baseline -0.004 -19"><span class='ocrx_word' id='word_1_129' title='bbox 64 1405 240 1477; x_wconf 79' lang='lat' dir='ltr'>ulfacilh&#39;ms</span> <span class='ocrx_word' id='word_1_130' title='bbox 254 1405 312 1458; x_wconf 77' lang='lat' dir='ltr'>sine</span> <span class='ocrx_word' id='word_1_131' title='bbox 322 1403 428 1460; x_wconf 79' lang='lat' dir='ltr'>invidia</span> <span class='ocrx_word' id='word_1_132' title='bbox 440 1407 552 1460; x_wconf 73' lang='lat' dir='ltr'>,laudem</span> <span class='ocrx_word' id='word_1_133' title='bbox 568 1405 710 1470; x_wconf 78' lang='lat' dir='ltr'>invenior,</span> <span class='ocrx_word' id='word_1_134' title='bbox 729 1414 757 1457; x_wconf 83' lang='lat' dir='ltr'>et</span> <span class='ocrx_word' id='word_1_135' title='bbox 767 1404 868 1457; x_wconf 80' lang='lat' dir='ltr'>amicos</span> 
     </span>
     <span class='ocr_line' id='line_1_19' title="bbox 60 1471 868 1544; baseline -0.009 -16"><span class='ocrx_word' id='word_1_136' title='bbox 60 1491 146 1544; x_wconf 83' lang='lat' dir='ltr'>pares</span> <span class='ocrx_word' id='word_1_137' title='bbox 155 1475 191 1538; x_wconf 61' lang='lat' dir='ltr'>l).</span> <span class='ocrx_word' id='word_1_138' title='bbox 227 1488 267 1527; x_wconf 85' lang='lat' dir='ltr'>sr.</span> <span class='ocrx_word' id='word_1_139' title='bbox 280 1473 311 1527; x_wconf 85' lang='lat' dir='ltr'>Si</span> <span class='ocrx_word' id='word_1_140' title='bbox 321 1475 378 1528; x_wconf 86' lang='lat' dir='ltr'>ista</span> <span class='ocrx_word' id='word_1_141' title='bbox 387 1475 473 1534; x_wconf 77' lang='lat' dir='ltr'>leude</span> <span class='ocrx_word' id='word_1_142' title='bbox 482 1481 634 1528; x_wconf 85' lang='lat' dir='ltr'>contentus</span> <span class='ocrx_word' id='word_1_143' title='bbox 646 1489 685 1536; x_wconf 86' lang='lat' dir='ltr'>es,</span> <span class='ocrx_word' id='word_1_144' title='bbox 707 1487 788 1540; x_wconf 76' lang='lat' dir='ltr'>quom</span> <span class='ocrx_word' id='word_1_145' title='bbox 801 1471 868 1522; x_wconf 87' lang='lat' dir='ltr'>tulit</span> 
     </span>
     <span class='ocr_line' id='line_1_20' title="bbox 64 1543 868 1611; baseline -0.006 -14"><span class='ocrx_word' id='word_1_146' title='bbox 64 1543 228 1611; x_wconf 77' lang='lat' dir='ltr'>Pamphilus</span> <span class='ocrx_word' id='word_1_147' title='bbox 238 1543 402 1598; x_wconf 71' lang='lat' dir='ltr'>adolescens</span> <span class='ocrx_word' id='word_1_148' title='bbox 420 1545 562 1611; x_wconf 88' lang='lat' dir='ltr'>obsequiis</span> <span class='ocrx_word' id='word_1_149' title='bbox 576 1550 606 1596; x_wconf 88' lang='lat' dir='ltr'>et</span> <span class='ocrx_word' id='word_1_150' title='bbox 621 1556 729 1596; x_wconf 87' lang='lat' dir='ltr'>morum</span> <span class='ocrx_word' id='word_1_151' title='bbox 746 1554 868 1593; x_wconf 87' lang='lat' dir='ltr'>commo·</span> 
     </span>
     <span class='ocr_line' id='line_1_21' title="bbox 64 1613 869 1682; baseline -0.005 -16"><span class='ocrx_word' id='word_1_152' title='bbox 64 1613 165 1676; x_wconf 79' lang='lat' dir='ltr'>ditate,</span> <span class='ocrx_word' id='word_1_153' title='bbox 184 1615 289 1681; x_wconf 88' lang='lat' dir='ltr'>poteris</span> <span class='ocrx_word' id='word_1_154' title='bbox 308 1615 406 1670; x_wconf 85' lang='lat' dir='ltr'>eodem</span> <span class='ocrx_word' id='word_1_155' title='bbox 428 1615 523 1667; x_wconf 88' lang='lat' dir='ltr'>eloco</span> <span class='ocrx_word' id='word_1_156' title='bbox 542 1619 639 1682; x_wconf 87' lang='lat' dir='ltr'>petere</span> <span class='ocrx_word' id='word_1_157' title='bbox 654 1614 778 1664; x_wconf 81' lang='lat' dir='ltr'>rationes</span> <span class='ocrx_word' id='word_1_158' title='bbox 793 1625 869 1662; x_wconf 85' lang='lat' dir='ltr'>asse·</span> 
     </span>
     <span class='ocr_line' id='line_1_22' title="bbox 65 1679 868 1751; baseline -0.005 -15"><span class='ocrx_word' id='word_1_159' title='bbox 65 1683 170 1751; x_wconf 88' lang='lat' dir='ltr'>quendi</span> <span class='ocrx_word' id='word_1_160' title='bbox 191 1682 265 1750; x_wconf 83' lang='lat' dir='ltr'>quod</span> <span class='ocrx_word' id='word_1_161' title='bbox 279 1685 400 1750; x_wconf 85' lang='lat' dir='ltr'>expetis,</span> <span class='ocrx_word' id='word_1_162' title='bbox 420 1683 493 1734; x_wconf 88' lang='lat' dir='ltr'>unde</span> <span class='ocrx_word' id='word_1_163' title='bbox 508 1681 672 1750; x_wconf 73' lang='lat' dir='ltr'>decerpsisti</span> <span class='ocrx_word' id='word_1_164' title='bbox 686 1679 868 1734; x_wconf 83' lang='lat' dir='ltr'>sententiam.</span> 
     </span>
     <span class='ocr_line' id='line_1_23' title="bbox 60 1751 869 1820; baseline -0.007 -12"><span class='ocrx_word' id='word_1_165' title='bbox 60 1755 93 1808; x_wconf 92' lang='lat' dir='ltr'>ln</span> <span class='ocrx_word' id='word_1_166' title='bbox 104 1753 184 1809; x_wconf 90' lang='lat' dir='ltr'>omni</span> <span class='ocrx_word' id='word_1_167' title='bbox 194 1769 225 1805; x_wconf 86' lang='lat' dir='ltr'>re</span> <span class='ocrx_word' id='word_1_168' title='bbox 235 1758 388 1806; x_wconf 75' lang='lat' dir='ltr'>menrentoz</span> <span class='ocrx_word' id='word_1_169' title='bbox 404 1751 446 1806; x_wconf 86' lang='lat' dir='ltr'>Ne</span> <span class='ocrx_word' id='word_1_170' title='bbox 458 1753 524 1820; x_wconf 85' lang='lat' dir='ltr'>quid</span> <span class='ocrx_word' id='word_1_171' title='bbox 534 1753 631 1814; x_wconf 86' lang='lat' dir='ltr'>nimis;</span> <span class='ocrx_word' id='word_1_172' title='bbox 649 1751 698 1804; x_wconf 83' lang='lat' dir='ltr'>sed</span> <span class='ocrx_word' id='word_1_173' title='bbox 709 1757 801 1802; x_wconf 79' lang='lat' dir='ltr'>tamen</span> <span class='ocrx_word' id='word_1_174' title='bbox 812 1763 869 1802; x_wconf 85' lang='lat' dir='ltr'>mo·</span> 
     </span>
     <span class='ocr_line' id='line_1_24' title="bbox 62 1820 867 1889; baseline -0.004 -14"><span class='ocrx_word' id='word_1_175' title='bbox 62 1823 203 1876; x_wconf 89' lang='lat' dir='ltr'>diocriter</span> <span class='ocrx_word' id='word_1_176' title='bbox 213 1822 320 1875; x_wconf 83' lang='lat' dir='ltr'>omnis:</span> <span class='ocrx_word' id='word_1_177' title='bbox 340 1829 402 1876; x_wconf 87' lang='lat' dir='ltr'>esto</span> <span class='ocrx_word' id='word_1_178' title='bbox 413 1823 506 1874; x_wconf 78' lang='lat' dir='ltr'>facilis</span> <span class='ocrx_word' id='word_1_179' title='bbox 522 1822 550 1874; x_wconf 88' lang='lat' dir='ltr'>in</span> <span class='ocrx_word' id='word_1_180' title='bbox 562 1820 736 1889; x_wconf 72' lang='lat' dir='ltr'>perferendis</span> <span class='ocrx_word' id='word_1_181' title='bbox 746 1820 867 1872; x_wconf 83' lang='lat' dir='ltr'>aliorum</span> 
     </span>
     <span class='ocr_line' id='line_1_25' title="bbox 61 1889 867 1958; baseline -0.007 -13"><span class='ocrx_word' id='word_1_182' title='bbox 61 1894 199 1954; x_wconf 82' lang='lat' dir='ltr'>moribus,</span> <span class='ocrx_word' id='word_1_183' title='bbox 219 1892 254 1944; x_wconf 84' lang='lat' dir='ltr'>ad</span> <span class='ocrx_word' id='word_1_184' title='bbox 266 1891 373 1946; x_wconf 79' lang='lat' dir='ltr'>leviora</span> <span class='ocrx_word' id='word_1_185' title='bbox 383 1893 454 1944; x_wconf 81' lang='lat' dir='ltr'>vitis</span> <span class='ocrx_word' id='word_1_186' title='bbox 464 1892 626 1956; x_wconf 86' lang='lat' dir='ltr'>connivens;</span> <span class='ocrx_word' id='word_1_187' title='bbox 647 1907 683 1944; x_wconf 88' lang='lat' dir='ltr'>ue</span> <span class='ocrx_word' id='word_1_188' title='bbox 694 1890 732 1942; x_wconf 90' lang='lat' dir='ltr'>sis</span> <span class='ocrx_word' id='word_1_189' title='bbox 743 1889 867 1958; x_wconf 55' lang='lat' dir='ltr'>preessae</span> 
     </span>
     <span class='ocr_line' id='line_1_26' title="bbox 61 1959 867 2028; baseline -0.004 -15"><span class='ocrx_word' id='word_1_190' title='bbox 61 1967 277 2028; x_wconf 23' lang='lat' dir='ltr'>cluuntuaeque</span> <span class='ocrx_word' id='word_1_191' title='bbox 287 1961 444 2014; x_wconf 84' lang='lat' dir='ltr'>sententiae</span> <span class='ocrx_word' id='word_1_192' title='bbox 455 1961 569 2012; x_wconf 91' lang='lat' dir='ltr'>nimium</span> <span class='ocrx_word' id='word_1_193' title='bbox 576 1967 677 2024; x_wconf 76' lang='lat' dir='ltr'>tenax,</span> <span class='ocrx_word' id='word_1_194' title='bbox 685 1959 734 2012; x_wconf 86' lang='lat' dir='ltr'>sod</span> <span class='ocrx_word' id='word_1_195' title='bbox 744 1960 867 2012; x_wconf 75' lang='lat' dir='ltr'>eliorum</span> 
     </span>
     <span class='ocr_line' id='line_1_27' title="bbox 55 2027 867 2105; baseline -0.005 -23"><span class='ocrx_word' id='word_1_196' title='bbox 55 2031 164 2092; x_wconf 75' lang='lat' dir='ltr'>,studiis</span> <span class='ocrx_word' id='word_1_197' title='bbox 176 2037 262 2105; x_wconf 69' lang='lat' dir='ltr'>mmet</span> <span class='ocrx_word' id='word_1_198' title='bbox 278 2029 474 2083; x_wconf 75' lang='lat' dir='ltr'>accommoda:</span> <span class='ocrx_word' id='word_1_199' title='bbox 495 2031 566 2083; x_wconf 90' lang='lat' dir='ltr'>nulli</span> <span class='ocrx_word' id='word_1_200' title='bbox 581 2029 679 2084; x_wconf 83' lang='lat' dir='ltr'>laedas</span> <span class='ocrx_word' id='word_1_201' title='bbox 695 2027 810 2092; x_wconf 71' lang='lat' dir='ltr'>os„sed</span> <span class='ocrx_word' id='word_1_202' title='bbox 821 2040 867 2079; x_wconf 89' lang='lat' dir='ltr'>co·</span> 
     </span>
     <span class='ocr_line' id='line_1_28' title="bbox 58 2094 866 2167; baseline -0.006 -15"><span class='ocrx_word' id='word_1_203' title='bbox 58 2115 137 2154; x_wconf 88' lang='lat' dir='ltr'>mem</span> <span class='ocrx_word' id='word_1_204' title='bbox 155 2107 186 2153; x_wconf 83' lang='lat' dir='ltr'>te</span> <span class='ocrx_word' id='word_1_205' title='bbox 207 2100 342 2167; x_wconf 80' lang='lat' dir='ltr'>praebeas</span> <span class='ocrx_word' id='word_1_206' title='bbox 361 2100 500 2152; x_wconf 85' lang='lat' dir='ltr'>omnibus.</span> <span class='ocrx_word' id='word_1_207' title='bbox 534 2115 584 2154; x_wconf 81' lang='lat' dir='ltr'>ru.</span> <span class='ocrx_word' id='word_1_208' title='bbox 596 2099 808 2154; x_wconf 80' lang='lat' dir='ltr'>Adolescentiae</span> <span class='ocrx_word' id='word_1_209' title='bbox 823 2094 866 2148; x_wconf 80' lang='lat' dir='ltr'>fa·</span> 
     </span>
     <span class='ocr_line' id='line_1_29' title="bbox 58 2169 866 2238; baseline -0.005 -18"><span class='ocrx_word' id='word_1_210' title='bbox 58 2176 127 2222; x_wconf 83' lang='lat' dir='ltr'>vent</span> <span class='ocrx_word' id='word_1_211' title='bbox 136 2169 271 2236; x_wconf 78' lang='lat' dir='ltr'>plerique,</span> <span class='ocrx_word' id='word_1_212' title='bbox 281 2183 332 2220; x_wconf 83' lang='lat' dir='ltr'>nec</span> <span class='ocrx_word' id='word_1_213' title='bbox 342 2171 438 2235; x_wconf 81' lang='lat' dir='ltr'>magni</span> <span class='ocrx_word' id='word_1_214' title='bbox 454 2169 562 2238; x_wconf 84' lang='lat' dir='ltr'>negotii</span> <span class='ocrx_word' id='word_1_215' title='bbox 572 2170 611 2221; x_wconf 87' lang='lat' dir='ltr'>sit</span> <span class='ocrx_word' id='word_1_216' title='bbox 621 2175 680 2222; x_wconf 90' lang='lat' dir='ltr'>tum</span> <span class='ocrx_word' id='word_1_217' title='bbox 692 2169 773 2220; x_wconf 82' lang='lat' dir='ltr'>istam</span> <span class='ocrx_word' id='word_1_218' title='bbox 786 2178 866 2232; x_wconf 78' lang='lat' dir='ltr'>pare·</span> 
     </span>
     <span class='ocr_line' id='line_1_30' title="bbox 60 2233 864 2306; baseline -0.009 -16"><span class='ocrx_word' id='word_1_219' title='bbox 60 2239 226 2294; x_wconf 84' lang='lat' dir='ltr'>relaudsm:</span> <span class='ocrx_word' id='word_1_220' title='bbox 248 2248 302 2304; x_wconf 77' lang='lat' dir='ltr'>ego</span> <span class='ocrx_word' id='word_1_221' title='bbox 310 2239 490 2306; x_wconf 83' lang='lat' dir='ltr'>magnificum</span> <span class='ocrx_word' id='word_1_222' title='bbox 502 2237 641 2306; x_wconf 79' lang='lat' dir='ltr'>quoddam</span> <span class='ocrx_word' id='word_1_223' title='bbox 651 2236 769 2289; x_wconf 86' lang='lat' dir='ltr'>nominis</span> <span class='ocrx_word' id='word_1_224' title='bbox 779 2233 864 2285; x_wconf 87' lang='lat' dir='ltr'>decus</span> 
     </span>
    </p>
   </div>
   <div class='ocr_carea' id='block_1_5' title="bbox 61 2299 1037 2376">
    <p class='ocr_par' dir='ltr' id='par_1_5' title="bbox 61 2299 1037 2376">
     <span class='ocr_line' id='line_1_31' title="bbox 61 2299 1037 2376; baseline -0.028 -8"><span class='ocrx_word' id='word_1_225' title='bbox 61 2309 191 2376; x_wconf 74' lang='lat' dir='ltr'>optarim,</span> <span class='ocrx_word' id='word_1_226' title='bbox 211 2305 284 2374; x_wconf 84' lang='lat' dir='ltr'>¹quod</span> <span class='ocrx_word' id='word_1_227' title='bbox 295 2321 345 2374; x_wconf 89' lang='lat' dir='ltr'>per</span> <span class='ocrx_word' id='word_1_228' title='bbox 354 2307 514 2362; x_wconf 80' lang='lat' dir='ltr'>universum</span> <span class='ocrx_word' id='word_1_229' title='bbox 523 2309 623 2360; x_wconf 56' lang='lat' dir='ltr'>,orbem</span> <span class='ocrx_word' id='word_1_230' title='bbox 634 2310 757 2365; x_wconf 84' lang='lat' dir='ltr'>resonet,</span> <span class='ocrx_word' id='word_1_231' title='bbox 778 2299 866 2369; x_wconf 90' lang='lat' dir='ltr'>quod·</span> <span class='ocrx_word' id='word_1_232' title='bbox 923 2309 925 2312; x_wconf 87' lang='lat'>·</span> <span class='ocrx_word' id='word_1_233' title='bbox 1035 2319 1037 2324; x_wconf 94' lang='lat'>·</span> 
     </span>
    </p>
   </div>
   <div class='ocr_carea' id='block_1_6' title="bbox 62 2370 940 2444">
    <p class='ocr_par' dir='ltr' id='par_1_6' title="bbox 62 2370 940 2444">
     <span class='ocr_line' id='line_1_32' title="bbox 62 2370 940 2444; baseline -0.005 -14"><span class='ocrx_word' id='word_1_234' title='bbox 62 2391 185 2444; x_wconf 84' lang='lat' dir='ltr'>quocum</span> <span class='ocrx_word' id='word_1_235' title='bbox 197 2382 292 2429; x_wconf 74' lang='lat' dir='ltr'>aetate</span> <span class='ocrx_word' id='word_1_236' title='bbox 301 2389 412 2442; x_wconf 81' lang='lat' dir='ltr'>semper</span> <span class='ocrx_word' id='word_1_237' title='bbox 423 2377 474 2430; x_wconf 82' lang='lat' dir='ltr'>liat</span> <span class='ocrx_word' id='word_1_238' title='bbox 480 2376 631 2438; x_wconf 86' lang='lat' dir='ltr'>illustrius,</span> <span class='ocrx_word' id='word_1_239' title='bbox 642 2380 726 2440; x_wconf 75' lang='lat' dir='ltr'>atque</span> <span class='ocrx_word' id='word_1_240' title='bbox 738 2387 754 2423; x_wconf 85' lang='lat' dir='ltr'>a</span> <span class='ocrx_word' id='word_1_241' title='bbox 765 2370 864 2427; x_wconf 79' lang='lat' dir='ltr'>funere</span> <span class='ocrx_word' id='word_1_242' title='bbox 934 2432 940 2440; x_wconf 82' lang='lat'>.</span> 
     </span>
    </p>
   </div>
   <div class='ocr_carea' id='block_1_7' title="bbox 57 2439 911 2656">
    <p class='ocr_par' dir='ltr' id='par_1_7' title="bbox 57 2439 911 2656">
     <span class='ocr_line' id='line_1_33' title="bbox 58 2439 863 2512; baseline -0.007 -14"><span class='ocrx_word' id='word_1_243' title='bbox 58 2449 173 2500; x_wconf 77' lang='lat' dir='ltr'>tandem</span> <span class='ocrx_word' id='word_1_244' title='bbox 186 2445 291 2498; x_wconf 85' lang='lat' dir='ltr'>clarius</span> <span class='ocrx_word' id='word_1_245' title='bbox 303 2445 451 2498; x_wconf 85' lang='lat' dir='ltr'>elucescat.</span> <span class='ocrx_word' id='word_1_246' title='bbox 487 2461 528 2500; x_wconf 80' lang='lat' dir='ltr'>ss.</span> <span class='ocrx_word' id='word_1_247' title='bbox 534 2445 671 2512; x_wconf 83' lang='lat' dir='ltr'>Equidem</span> <span class='ocrx_word' id='word_1_248' title='bbox 680 2439 768 2510; x_wconf 81' lang='lat' dir='ltr'>leudo</span> <span class='ocrx_word' id='word_1_249' title='bbox 780 2453 863 2508; x_wconf 78' lang='lat' dir='ltr'>geue·</span> 
     </span>
     <span class='ocr_line' id='line_1_34' title="bbox 57 2503 864 2580; baseline -0.01 -12"><span class='ocrx_word' id='word_1_250' title='bbox 57 2528 152 2568; x_wconf 82' lang='lat' dir='ltr'>rosam</span> <span class='ocrx_word' id='word_1_251' title='bbox 162 2517 248 2568; x_wconf 87' lang='lat' dir='ltr'>istam</span> <span class='ocrx_word' id='word_1_252' title='bbox 259 2515 384 2568; x_wconf 89' lang='lat' dir='ltr'>indolem</span> <span class='ocrx_word' id='word_1_253' title='bbox 397 2522 484 2580; x_wconf 86' lang='lat' dir='ltr'>tuam,</span> <span class='ocrx_word' id='word_1_254' title='bbox 493 2512 662 2568; x_wconf 46' lang='lat' dir='ltr'>‘Philodoxe</span> <span class='ocrx_word' id='word_1_255' title='bbox 699 2503 864 2562; x_wconf 85' lang='lat' dir='ltr'>ceterumsi</span> 
     </span>
     <span class='ocr_line' id='line_1_35' title="bbox 58 2579 911 2656; baseline -0.011 -19"><span class='ocrx_word' id='word_1_256' title='bbox 58 2587 138 2656; x_wconf 89' lang='lat' dir='ltr'>cupis</span> <span class='ocrx_word' id='word_1_257' title='bbox 149 2585 271 2654; x_wconf 78' lang='lat' dir='ltr'>gloriam</span> <span class='ocrx_word' id='word_1_258' title='bbox 281 2583 386 2638; x_wconf 75' lang='lat' dir='ltr'>virtute</span> <span class='ocrx_word' id='word_1_259' title='bbox 396 2591 525 2654; x_wconf 83' lang='lat' dir='ltr'>partem,</span> <span class='ocrx_word' id='word_1_260' title='bbox 549 2579 798 2651; x_wconf 78' lang='lat' dir='ltr'>praecipuevirtus</span> <span class='ocrx_word' id='word_1_261' title='bbox 810 2582 864 2640; x_wconf 85' lang='lat' dir='ltr'>est,</span> <span class='ocrx_word' id='word_1_262' title='bbox 907 2609 911 2617; x_wconf 88' lang='lat'>-</span> 
     </span>
    </p>
   </div>
   <div class='ocr_carea' id='block_1_8' title="bbox 58 2681 864 2792">
    <p class='ocr_par' dir='ltr' id='par_1_8' title="bbox 58 2681 864 2792">
     <span class='ocr_line' id='line_1_36' title="bbox 58 2681 864 2792; baseline -0.01 -56"><span class='ocrx_word' id='word_1_263' title='bbox 58 2689 108 2791; x_wconf 41' lang='grc' dir='ltr'>ω’)Ι</span> <span class='ocrx_word' id='word_1_264' title='bbox 120 2688 201 2792; x_wconf 37' lang='lat' dir='ltr'>svesa}</span> <span class='ocrx_word' id='word_1_265' title='bbox 215 2685 288 2738; x_wconf 76' lang='lat' dir='ltr'>Sino.</span> <span class='ocrx_word' id='word_1_266' title='bbox 300 2684 417 2746; x_wconf 78' lang='lat' dir='ltr'>Pamphili</span> <span class='ocrx_word' id='word_1_267' title='bbox 431 2691 511 2745; x_wconf 70' lang='lat' dir='ltr'>pater.</span> <span class='ocrx_word' id='word_1_268' title='bbox 526 2685 552 2730; x_wconf 89' lang='lat' dir='ltr'>in</span> <span class='ocrx_word' id='word_1_269' title='bbox 560 2681 667 2731; x_wconf 71' lang='lat' dir='ltr'>omnir</span> <span class='ocrx_word' id='word_1_270' title='bbox 679 2682 775 2735; x_wconf 72' lang='lat' dir='ltr'>esen,</span> <span class='ocrx_word' id='word_1_271' title='bbox 789 2685 834 2728; x_wconf 77' lang='lat' dir='ltr'>eet.</span> <span class='ocrx_word' id='word_1_272' title='bbox 843 2681 864 2733; x_wconf 87' lang='lat'>1.</span> 
     </span>
    </p>
   </div>
   <div class='ocr_carea' id='block_1_9' title="bbox 0 0 1100 3270">
    <p class='ocr_par' dir='ltr' id='par_1_9' title="bbox 0 0 1100 3270">
     <span class='ocr_line' id='line_1_37' title="bbox 0 0 1100 3270; baseline 0 0"><span class='ocrx_word' id='word_1_273' title='bbox 0 0 1100 3270; x_wconf 95' lang='lat' dir='ltr'> </span> 
     </span>
    </p>
   </div>
  </div>
 </body>
</html>
