2172 3238
190 195 456 266 aucomruiu
481 186 677 267 norma.
709 188 713 202 '
771 195 835 268 'soe

4 360 9 395 Ι
30 299 235 382 ιιόὶ’ριιίιὶιιι
253 318 282 368 et
296 297 424 368 soleam..
446 293 526 382 Apud
542 329 588 370 me
602 330 700 368 succus
719 317 764 368 est
782 315 834 370 ills

30 383 175 446 riririsscus,
196 385 417 456 quollticmnonis
430 385 491 437 iilia
501 383 621 435 Tithoni
630 385 676 436 avi
686 387 730 435 sui
739 386 834 438 iuren-

29 461 90 506 tam
102 453 272 528 prorogayit.
307 455 369 520 Ego
383 469 442 506 sum
452 455 548 507 Venus
564 452 628 514 ille,
648 453 726 504 euius
736 453 833 512 lavore

29 521 130 576 Phaon
152 522 199 575 ille
219 525 358 592 repubuit,
378 523 419 574 ita
433 527 465 574 ut
482 537 499 574 a
514 520 662 590 Sapphone
684 526 834 588 tantopere

2 625 3 644 ι
30 592 220 645 deamaretur.
255 595 338 645 Meae
348 597 414 644 sunt
424 588 536 655 herbae,
556 592 581 642 si
593 606 663 658 quae
675 596 749 654 sunt,
770 604 835 644 mes

28 661 201 730 precamina,
211 677 289 714 meus
299 662 347 712 ille
360 659 431 723 lons,
438 661 485 728 qui
494 660 644 718 nonsolum
654 664 768 714 revocat
779 658 835 711 sla·

28 729 348 800 psamadclesceutiam,
368 729 426 792 sed,
444 729 519 797 quod
531 735 575 783 est
588 729 751 796 optabilius,
772 743 835 795 per-

28 805 147 869 petuam
157 805 258 852 servat.
294 796 375 858 Quod
387 799 412 848 si
422 813 516 850 omnes
527 798 591 851 huic
603 799 758 851 sententiae
769 798 834 850 sub·
909 824 913 832 ·

30 870 165 931 scribitis,
188 867 376 920 adolescentia
391 864 460 918 nihil
474 882 536 919 esse
554 868 668 930 melius,
689 871 834 920 senectute

29 934 104 990 nihil
121 935 334 996 detestabilius,
351 941 484 1001 quantum
500 935 571 988 mihi
586 936 714 988 debeatis
729 934 833 987 videtis

30 1007 142 1128 ορέἰιοι,
162 1021 233 1073 quae
244 1010 351 1058 tantum
360 1007 461 1059 bonum
472 1005 618 1069 retineam,
629 1011 707 1082 tantp
719 1002 835 1058 excluso

29 1091 59 1129 m
92 1093 119 1129 o.
439 1085 446 1100 ‘
695 1083 700 1090 ·

86 1143 144 1196 Sed
154 1141 221 1208 quid
232 1139 322 1194 adbuc
338 1139 374 1193 de
389 1140 557 1193 mortalibus
567 1141 685 1210 loquori
719 1141 836 1196 coelum

30 1217 116 1268 omne
127 1213 256 1275 lustrate,
277 1209 385 1263 etmihi
396 1211 834 1280 meumnomenopprobretlice·
872 1264 874 1270 ,

28 1283 84 1346 bit,
105 1281 263 1350 quicunque
273 1280 358 1343 volet,
379 1279 493 1347 siquem
506 1281 619 1332 omnino
631 1282 746 1336 deorum
757 1295 837 1351 repe·

28 1351 168 1406 reritnon
179 1352 320 1402 insuavem
331 1355 360 1402 et
372 1351 587 1416 aspernabilem,
605 1353 660 1404 nisi
671 1365 733 1403 meo
744 1352 837 1414 numi-

2 1450 3 1459 ι
29 1436 70 1476 ne
85 1417 301 1486 commendetur,
337 1419 448 1482 Etenim
468 1433 518 1472 cur
536 1431 644 1486 semper
663 1418 785 1488 ephebus
807 1425 837 1472 et
951 1454 955 1464 .

30 1494 163 1543 cometus
182 1486 326 1542 Bacchus!
359 1488 465 1557 Nempe
485 1487 558 1556 quin,
577 1504 674 1540 vecors
694 1503 728 1540 ac
747 1494 837 1542 temu-

29 1558 302 1621 lentum'conviciis,
324 1555 532 1620 saltationibus,
550 1555 837 1620 choreis,lus-ibusri·

31 1636 94 1682 tam
106 1641 214 1680 omnem
229 1627 403 1696 transigens,
424 1643 458 1678 ne
474 1625 613 1678 tantulum
629 1626 741 1694 quidem
751 1625 837 1681 habet

32 1711 99 1750 cum
109 1695 225 1749 Pallade
236 1697 404 1750 commercii.
438 1695 567 1762 Denique
576 1701 686 1748 tantum
696 1697 788 1761 abest,⁴
801 1702 838 1747 nt

31 1766 146 1834 sapiens
165 1764 262 1820 haberi
284 1762 416 1834 postulet,
436 1773 469 1818 nt
489 1764 620 1817 ludibriis
643 1780 677 1818 ec
697 1765 770 1818 iocis
782 1766 838 1820 coli
921 1809 929 1827 ,

32 1836 167 1908 gaudeat.
202 1835 297 1904 Neque
307 1835 456 1903 proverbio
468 1835 637 1899 offenditur,
659 1835 853 1903 quodilli‘ia-,

32 1904 301 1974 cuicognomantum
313 1905 457 1968 attribuit3
492 1904 578 1956 idest
587 1903 756 1969 huiusmodi,
776 1908 836 1957 illc-

32 1970 117 2042 ρύχου
128 1969 280 2040 μωρότερος
289 1974 324 2036 *).
359 1972 448 2026 Porro
466 1972 606 2042 Morycbo
625 1981 727 2031 nomen
740 1977 836 2028 uerte·

32 2045 117 2102 runt,
138 2037 213 2107 quod
224 2039 302 2092 illum
313 2055 364 2108 pro
375 2043 476 2109 templi
486 2042 596 2096 foribus
606 2042 759 2106 sedentem,
777 2057 837 2094 mu·
849 2044 851 2050 ’

33 2116 80 2164 sto
91 2109 152 2162 ficis
173 2124 207 2161 ue
218 2113 377 2164 recentibus
391 2113 578 2182 agricolarum
590 2111 709 2165 lascivia
719 2125 836 2164 consue·

33 2182 109 2232 verit
126 2179 161 2231 ob
176 2179 260 2232 ‘uere
295 2181 366 2233 Tum
387 2189 480 2235 autem
497 2181 563 2249 quid
579 2196 635 2233 nen
649 2184 833 2233 scommatum

33 2250 65 2302 in
82 2247 156 2299 hunc
168 2253 251 2300 vetus
267 2249 336 2302 iacit
346 2251 492 2304 comoedia
502 2249 565 2322 *Ἥ
599 2251 625 2301 0
639 2249 784 2308 insulsum,
794 2245 835 2296 iu·

36 2319 142 2386 quiunt,
163 2317 254 2379 deum,
275 2327 303 2371 et
312 2319 426 2388 dignum
438 2321 485 2387 qui
496 2333 529 2372 ex
537 2319 657 2384 inguine
666 2319 835 2369 nasceretur.

36 2390 74 2440 At
85 2387 147 2454 quis
157 2401 213 2438 non
223 2388 304 2440 malit
314 2388 361 2441 hic
371 2388 465 2442 fatuus
471 2395 499 2442 et
510 2387 633 2438 insulsus
645 2400 716 2448 esse,
726 2395 837 2448 semper

37 2445 168 2517 festivus,
189 2469 303 2524 semper
326 2457 474 2522 ubescens,
494 2458 606 2522 semper
617 2454 744 2506 omnibus
758 2452 836 2503 lusus
912 2515 914 2522 y
942 2485 947 2503 .

36 2541 71 2579 ec
81 2525 252 2604 voluptatem
268 2473 413 2593 afferens,
433 2541 515 2595 quam
531 2524 576 2577 vel
590 2517 773 2590 ἀγκυλομήτης
787 2518 836 2572 illc
901 2551 903 2554 -

66 2635 88 2692 *)
103 2635 250 2689 horontium
259 2637 418 2690 sstSiculum,
436 2629 694 2696 qusininsulaBsccbc
712 2641 836 2685 semones

36 2691 83 2736 tuit
95 2691 211 2746 Monycho.

65 2753 97 2804 ¹⁸)
112 2747 193 2794 Veluti
201 2747 486 2808 incepi-assisinate.
518 2787 520 2792 .
