2176 3256
184 257 190 266 ·
260 261 392 340 ss„
501 223 831 323 inuramus.

262 363 350 420 firmi:
372 363 422 418 alii
443 361 562 418 subinde
583 360 731 430 cadebant,
751 363 890 434 aegreque
902 367 1001 437 surgel

244 435 386 488 nonnulli
397 435 509 504 quernis
519 433 667 487 frondibus
680 439 911 491 erunt‘coronatiss
951 445 1001 492 su:

184 555 187 560 .
257 507 301 575 gis
314 505 498 558 conveniebat
509 499 679 572 pampineib3
690 513 750 557 turn
761 505 882 561 adilendi
895 505 999 578 tllyrsi.

259 573 361 628 Senior
369 576 492 642 quidam
513 573 638 628 Silenum
655 589 751 645 agens,
773 581 899 632 sarcinae
917 581 948 630 in
964 593 1001 630 mr

258 645 389 697 'sublimis
409 645 572 711 gestabatur
594 642 727 710 humeris,
749 662 782 699 eo
794 655 879 717 gestu
898 662 959 718 qun
979 663 1001 700 ss

259 714 327 766 olim
340 713 585 776 elierricadaveru,
597 715 713 780 pedibus
725 731 758 770 eo
770 720 971 786 porrectisque
984 719 1001 772 il

257 785 311 835 nisi
323 783 397 850 quod
409 796 513 850 pronus
524 784 712 849 baiulabutur‚
728 801 763 838 ne
774 791 881 840 ronritu
893 788 1001 856 praeful

258 859 306 908 tur
322 853 447 920 supinus.
483 855 510 906 ls
526 853 628 906 misere
644 857 827 910 consumebat
842 874 923 910 suras
940 864 970 911 et
981 875 1001 910 el

258 937 327 976 neor
340 929 530 976 extremorum
540 923 705 978 baiulorunr.
717 925 776 978 Nec
787 927 984 982 interbuiulos
997 945 1001 976 ι

260 1003 341 1058 quam
353 998 414 1044 erat
424 993 548 1058 sobrius3
561 991 834 1063 plbriprerirlebant',
846 999 898 1051 sed·
906 999 1001 1062 sieut*

185 1119 188 1122 ,
259 1061 287 1115 le
308 1059 423 1118 sliceres
440 1067 562 1115 mentem
579 1066 685 1118 abesse.
721 1065 826 1120 Bacchi
846 1067 927 1121 furor
948 1069 1001 1120 buli

260 1145 365 1184 omnes.
401 1136 491 1198 nuque
512 1131 565 1186 bac
582 1149 686 1202 pompa
704 1135 844 1192 civitatem
860 1139 1001 1208 ingressi:

259 1201 344 1269 idque
356 1200 515 1258 elaruluce.
527 1204 654 1257 sa.Unde
666 1205 907 1275 ¹collegeranteum
913 1210 1001 1260 insani

255 1285 307 1324 aa,
328 1269 362 1320 ln
379 1271 441 1321 vico
458 1273 611 1340 propinquo
628 1277 721 1326 vinunr
739 1277 823 1344 paulo
834 1279 918 1330 vilius
929 1279 1001 1330 vend

261 1343 344 1408 quain
356 1339 385 1391 in
396 1341 478 1394 urbes
491 1356 523 1394 eo
534 1357 565 1394 se
576 1347 752 1398 contulerant
763 1347 1001 1416 aliquotcombib‹

261 1423 317 1477 quo
328 1409 411 1461 vilius
422 1409 587 1475 insanirent,
602 1415 650 1466 seri
662 1415 783 1484 largius,
817 1417 880 1470 Non
892 1417 966 1472 enirn
978 1435 1001 1470 rn

218 1473 220 1484 '
260 1481 629 1547 iurpensunrestpeeuniae‚
651 1484 1001 1556 sed'plusuoutractunres

178 1579 182 1590 «
219 1595 221 1600 χ
260 1548 392 1602 mentina
425 1551 499 1602 Hisi
510 1557 673 1619 gustassent
683 1569 774 1619 ovum,
784 1558 864 1610 velut
873 1558 996 1610 admisso

208 1665 212 1680 ,
260 1618 358 1670 ricidio
371 1621 507 1686 pertracti
518 1621 677 1676 fuissentin
690 1639 844 1680 eumenem:
861 1644 943 1698 quum
954 1643 1001 1695 pra

261 1687 397 1739 onrissanr
409 1704 517 1742 raersnn
535 1693 711 1758 uonuiorrenr,
732 1700 997 1766 praeterneglectas

261 1771 307 1808 uas
317 1758 505 1824 vespertinas,
524 1760 679 1815 indictam
691 1771 803 1818 sacrato
814 1773 923 1820 tantum
932 1769 1001 1820 inter

260 1825 371 1878 runtiae
381 1828 533 1893 publicitus
543 1838 618 1885 esset
627 1831 789 1898 adinissum,
808 1852 889 1890 nemo
900 1837 999 1905 puniit,

260 1909 305 1946 mn
318 1894 474 1950 detestatus
487 1905 538 1952 ast.
575 1917 616 1954 su.
637 1906 720 1971 Atqui
729 1921 764 1957 ne
776 1907 851 1959 istuc
860 1914 1001 1976 tantopere

259 1963 341 2026 reris,
353 1966 381 2016 in
394 1967 492 2020 mediis
503 1971 626 2036 urbibus,
644 1976 673 2024 in
684 1976 796 2042 popinis
806 1977 911 2044 templo
922 1980 1001 2046 proxi

259 2031 357 2086 diebus
371 2037 524 2101 quamlibet
533 2039 613 2093 lestis
624 2049 752 2109 putatur,
773 2045 1001 2110 cantatur,=sultu

258 2111 399 2170 pugnatur
410 2111 492 2164 tanto
504 2112 639 2176 strepitu,
660 2118 802 2182 tantoque
813 2118 949 2182 tumultu,
970 2124 1001 2169 ut

258 2187 368 2226 sacrum
380 2177 491 2243 peragi,
509 2193 560 2229 neu
570 2195 649 2233 saera
659 2183 756 2235 conclu
767 2187 859 2252 posuit
869 2188 1001 2240 exaudiri

258 2242 321 2295 (lem
334 2245 358 2295 si
369 2245 467 2297 euslern
482 2253 612 2313 tempure
626 2254 804 2306 censuissent
817 2257 957 2320 eulaeum,
979 2274 1001 2310 ur

255 2312 286 2364 iu
303 2312 349 2366 (lie
365 2315 483 2368 Veneris
499 2323 661 2383 gustassent
674 2322 801 2386 suillam,
825 2327 925 2394 cupitis
939 2321 1001 2380 acce

257 2388 364 2435 rentur.
383 2384 523 2438 Etiamen
535 2386 595 2439 dies
607 2386 764 2444 dominicus
776 2395 812 2446 ob
823 2394 1001 2465 hoepotissin

213 2443 228 2462 Χ
257 2458 301 2504 'est
312 2453 468 2517 institutus,
479 2469 534 2524 qun
546 2465 660 2510 vacaret
670 2461 767 2515 audire
778 2464 934 2519 doctrinam·
944 2483 1001 2520 evnr

257 2520 354 2573 licam:
367 2527 396 2574 et
406 2523 470 2576 illes
481 2525 598 2578 ratitum
609 2542 744 2584 consuere
756 2533 875 2600 calceus,
886 2543 918 2588 ut
926 2538 964 2601 sit
974 2544 1001 2588 oi

257 2591 574 2647 concinnandisanirnis.
610 2600 1001 2660 Annonbuecmr'rniudiciol

255 2661 444 2727 perversitast
454 2664 684 2734 aaPrnuligiosu·
696 2671 754 2723 larn
765 2673 795 2724 in
807 2675 866 2742 ipso
877 2677 973 2730 ieiunii
984 2693 1001 2744 p

255 2732 361 2798 scripto
373 2733 518 2798 quunrduo
531 2735 597 2797 sint,
609 2736 729 2790 alterurn
738 2741 910 2800 abstinentia
918 2747 1001 2811 cibun

254 2811 317 2851 runs
325 2797 452 2854 delectus
464 2801 536 2868 cibi3
548 2819 630 2876 neruo
641 2809 740 2874 nescit,
749 2811 828 2880 prius
838 2815 909 2872 illud
918 2832 1001 2889 praee
