2172 3238
198 141 252 198 360
416 131 605 192 unusne!
628 131 800 191 ROTER.

199 241 349 309 nesciant,
366 245 461 296 tamen
473 241 568 295 omnia
579 255 609 294 sc
624 241 695 296 scire
711 229 898 310 prolitenti'u:
911 257 1020 312 quant·

199 329 254 383 que
265 313 374 382 scipsos
385 315 529 383 ignorent,
548 327 636 380 neque
647 310 751 367 fossam
762 312 941 382 aliquoties,
952 319 1020 370 aut

105 417 111 440 ι
199 399 299 438 saxum
315 385 428 446 obvium
444 383 573 447 videant,
594 382 640 436 rel
654 384 719 451 quia
729 383 854 452 lippiunt
869 383 1016 455 plerique,

200 455 247 510 vel
260 454 326 524 quia
336 453 551 523 peregrinantur
562 452 659 516 animi,
680 460 773 506 tamen
784 453 875 518 ideas,
894 457 1013 506 univer·

201 525 284 590 salia,
303 523 411 578 formas
421 530 576 592 separatas,
598 525 701 593 primas
712 525 855 587 materias,
867 523 1018 592 quiddita·

201 601 257 660 tes,
277 597 436 659 ecceitates,
456 588 664 662 [formalitates,
674 593 817 661 instantia]
827 595 852 658 *)
871 594 974 646 videre
985 609 1016 645 se

172 702 176 709 ,
202 662 635 738 praedicant,resadco-tenues,
646 668 777 730 utusque
788 663 932 732 Lynceus,
952 663 1014 731 opi·

203 751 271 802 nor,
290 738 383 806 possit
400 734 569 804 perspicere.
605 733 680 786 Tum
692 748 760 786 vero
776 734 929 801 praecipue
946 747 1011 800 pro·

203 805 302 860 fanum
321 807 420 876 vulgus
439 803 646 870 aspernantur,
685 805 796 870 quoties
815 803 964 872 triquetris
985 807 1014 856 et
1056 825 1059 900 p

203 878 364 944 tetragonis
374 873 497 938 circulis,
508 878 591 940 atque
602 868 764 935 huiusmodi
776 873 892 941 picturis
906 871 1014 926 mothe-¹
1058 901 1059 916 r

202 947 323 1011 matteis,
343 942 409 998 aliis
427 957 509 1011 super
524 941 596 994 alias
609 937 744 1007 inductis,
767 949 796 996 et
809 945 839 996 in
856 941 1014 1012 labyrinthi

203 1017 328 1087 speciem
349 1012 489 1078 confusis,
511 1015 658 1080 praeterea
676 1011 783 1065 litteris
795 1013 881 1066 'velut
900 1016 932 1066 in
951 1015 1013 1066 acie

105 1131 110 1144 ,
204 1086 367 1156 dispositis,
387 1101 420 1140 ac
431 1081 548 1136 subinde
559 1081 616 1134 alio
630 1083 716 1147 atque
725 1083 783 1140 alio
794 1085 926 1151 repetitis
938 1083 1012 1137 ordi·
1058 1095 1059 1144 ᾗ

202 1171 255 1222 ne,
278 1156 409 1211 tenebras
426 1151 576 1208 offundunt
585 1152 816 1218 imperitioribus.
856 1154 956 1224 Neque
967 1155 1011 1208 de·
1058 1169 1059 1182 ¹

204 1232 273 1281 sunt
294 1241 330 1280 ex
351 1225 405 1278 hoc
419 1238 524 1294 genere
540 1222 589 1292 qui
603 1219 699 1274 lutura
715 1237 825 1292 quoque
849 1225 1011 1292 praedicant

205 1295 342 1351 consultis
353 1297 449 1359 astris,
472 1309 506 1346 ac
517 1293 654 1346 miracula
664 1294 726 1360 plus
738 1305 821 1362 quam
832 1296 947 1364 magica
957 1295 1010 1363 pol·

202 1365 354 1432 liceantur,
375 1371 403 1420 ct
414 1364 562 1466 innssuiunt
571 1361 699 1420 homiues
708 1362 856 1430 fortunati,
883 1361 1010 1435 quibacc

204 1435 525 1575 quossrgprzressffgglogbn
540 1506 656 1560 silentio
667 1505 789 1564 transire
799 1505 1009 1575 fortasseprae·
1058 1515 1059 1582 p

204 1577 324 1642 stiterit,
345 1578 388 1628 nui
395 1575 493 1640 ταύτην
502 1577 662 1642 Καμαρίναν
670 1576 709 1644 μὴ
721 1583 799 1628 κινεῖν
810 1579 869 1642 ***),
879 1593 932 1630 nec
942 1578 1010 1630 hauc

204 1646 357 1720 anagyrim
378 1652 492 1716 tangere
501 1644 544 1709 †),
565 1649 666 1711 utpote
690 1659 779 1714 genus
790 1643 934 1702 homimlin
944 1649 1011 1701 mire

176 1729 181 1738 “
207 1719 421 1786 superciliosum
441 1721 526 1783 atque
543 1713 697 1779 irritabile,
718 1731 753 1770 ne
770 1713 845 1770 torte
867 1718 1010 1770 turmatim

206 1789 349 1842 sexcentis
370 1783 596 1839 conclusionibus
617 1785 790 1851 adoriantur,
802 1795 841 1848 ¹et
858 1789 895 1841 ad
909 1789 1011 1856 palino-
1047 1827 1052 1840 .

208 1852 284 1912 diam
297 1855 424 1925 adigant,
438 1852 512 1923 quod
523 1855 548 1906 si
557 1870 692 1920 recusem,
705 1857 832 1924 protinus
843 1857 1010 1912 haereticam

208 1925 365 1980 clamitent.
404 1924 476 1977 Nam
491 1923 569 1976 illico
585 1925 679 1979 solent
696 1925 748 1979 hoc
764 1933 872 1981 terrere
898 1927 1010 1980 fulmine

208 1996 235 2050 si
246 1996 290 2047 eui
301 1999 366 2046 sunt
376 2008 474 2061 parum
487 1996 614 2061 propitii.
651 1995 724 2052 Sene
734 2013 953 2067 quanquamnon
963 1997 1010 2051 alii
1057 2055 1058 2058 ,

207 2070 283 2128 sunt,
297 2066 344 2133 qui
354 2066 446 2116 minus
456 2063 577 2117 libenter
587 2074 741 2135 agnoscant
751 2083 841 2122 meam
851 2070 882 2120 in
892 2084 922 2122 se
934 2071 1009 2136 bene·
1057 2071 1058 2074 ’

207 2135 358 2198 ficentism,
368 2140 462 2187 tamen
472 2134 503 2186 hi
514 2151 622 2203 quoque
634 2153 689 2190 non
697 2139 886 2193 mediocribus
896 2141 1008 2191 nomini·

120 2262 125 2270 ,
209 2205 264 2262 bus
275 2205 407 2262 obstricti
417 2210 491 2268 suot,
501 2205 576 2270 dum,
597 2207 695 2262 felices
706 2225 757 2264 sua
765 2209 917 2274 Philautia,
926 2211 1010 2278 periu-
1057 2259 1058 2284 ζ

236 2319 256 2372 ·)
272 2318 323 2362 llas
333 2317 391 2362 duas
400 2327 467 2361 voces
477 2329 523 2359 non
529 2316 638 2370 leguntur
648 2316 673 2362 in
682 2295 915 2376 Frclrcniicxemplo.

115 2373 148 2416 «κ
208 2373 371 2492 quse-piniane}
380 2371 884 2442 invenianturbominerfortrmcti,picibus
892 2375 947 2422 hoec
954 2389 1008 2437 puo-

293 2446 303 2474 ι
730 2453 736 2458 .

154 2507 159 2514 -
231 2487 283 2556 fij)
299 2486 427 2536 Camarina,
437 2487 503 2543 pnlns
513 2491 563 2531 erat
571 2475 684 2558 pestilsps
696 2503 769 2548 propo
776 2492 856 2538 orbem
865 2491 961 2536 ciusdem
970 2504 1007 2536 no·

206 2543 1010 2648 ‘titiisittttffiiitlititi·,„it⁰‘ii¹¹tl„ii⁶”‘²⁶³¹‘

121 2695 125 2705 ¹
210 2609 274 2720 ..οἳ-χ
283 2628 397 2720 Ansgpris
414 2653 485 2704 herba
494 2615 611 2710 suppono
628 2616 782 2710 superunite
797 2620 896 2715 pessime
906 2637 968 2716 olet,
981 2664 1005 2708 ul

206 2709 287 2764 sembrt
294 2707 443 2754 Dioscorides
451 2711 511 2755 libro
517 2709 564 2756 ΠΙ.
581 2709 742 2773 cuminum.
751 2715 853 2776 Lysistr.
862 2733 884 2765 v.
892 2720 925 2766 ii.
