2192 3270
13 273 14 284 ἵ
302 189 640 249 PillllomoleS.
818 197 873 254 liu

12 293 14 320 ¹
65 295 121 352 mal
140 293 189 348 s‘el
204 293 339 348 effaretur
354 296 400 349 rel
416 295 578 349 deliniatur.
615 297 678 350 Non
694 299 752 352 iam
768 299 872 371 loquor

65 373 174 420 tantum
191 365 227 417 de
244 365 407 418 discrimine
423 366 498 433 quod
514 373 556 418 est
572 366 646 419 inter
662 383 742 422 avem
761 376 792 423 et«
806 387 871 440 qua·
966 415 968 422 ,

67 435 228 502 drupedem,
242 436 322 488 iuter
333 442 492 502 serpentem
505 441 533 488 ot
544 435 659 502 piscem,
681 444 730 489 aut
742 441 815 506 quod
828 447 871 494 est
888 457 890 462 ·

24 539 27 542 -
67 506 139 558 inter
158 504 286 574 aquilam
306 511 335 556 et
356 505 515 567 vulturem,
546 506 621 557 inter
641 505 818 574 elephantum
840 517 870 564 et

68 588 189 642 equum,¹
203 576 279 626 inter
290 573 453 641 delphinum
464 581 494 626 ct
504 571 638 641 phocam,
658 575 733 630 inter
745 577 870 644 viperam
899 605 908 622 ι

71 641 252 709 staspidem3
271 642 321 696 sed
344 643 379 714 de
400 643 547 696 innumera
562 643 716 708 varietate,
738 655 872 714 quaeest

69 713 95 764 in
116 712 237 779 singulis
260 711 446 764 animantium
466 713 626 783 generibus.
644 723 647 730 ’
663 727 712 768 rm.
728 715 870 783 Exspecto

70 784 179 850 quasise
190 791 333 834 evasuras.
370 783 523 836 amotores
541 798 624 836 eaues
640 785 692 836 sub
709 787 871 853 urraspecie

70 848 261 903 continentur:
278 849 327 902 sed
341 850 411 904 haec
426 853 536 919 speciae
556 867 640 919 quam
661 856 690 904 iu
711 857 871 910 innumeras

70 918 183 972 formas·
191 919 370 976 distrahitur!
400 927 433 971 ut
443 919 522 973 dieas
533 921 600 973 illos
611 935 713 990 genere
725 923 871 994 distingui,

70 990 240 1056 nonspetie:
276 989 335 1044 lam
345 995 461 1056 'prorsus
473 990 501 1041 in
520 990 617 1042 eadem
628 992 722 1058 specie
733 1008 815 1060 quam
826 1011 874 1047 va·

70 1059 105 1110 rii
115 1063 182 1110 sunt
192 1071 291 1110 canum
304 1073 396 1112 mores
414 1066 442 1111 et
452 1059 575 1127 ingenia!
611 1059 661 1112 ius.
671 1061 817 1118 *immensa
828 1080 874 1116 va·

71 1129 175 1182 rietasa
204 1141 243 1180 ar.
257 1127 337 1192 Quod
350 1128 508 1182 decernibus
521 1128 691 1194 dictumest,
708 1131 742 1185 de
753 1133 873 1202 singulis

73 1198 259 1249 animantium·
278 1199 428 1266 generibus
449 1195 556 1250 dictum
577 1203 657 1265 puta:
675 1202 725 1253 sed
745 1201 775 1254 iu
793 1203 872 1256 nullo

71 1269 162 1335 magis
174 1267 269 1318 elucet
280 1267 429 1320 discrimen
441 1303 449 1330 ,
469 1283 554 1335 quam
570 1268 600 1320 in
612 1269 700 1336 equis.
737 1285 785 1324 ru.
796 1270 874 1326 Vera

71 1337 228 1406 praedicas.
266 1335 321 1388 Sed
341 1349 473 1406 qnorwm
493 1333 582 1390 haeai
628 1353 666 1391 sr.
683 1339 755 1404 Quid
775 1341 822 1392 uid
842 1343 873 1394 in

71 1405 252 1458 animantium
264 1405 422 1474 generibus,
442 1407 487 1458 vel
498 1405 527 1456 in
538 1405 644 1471 formis,
655 1408 700 1460 rel
710 1409 739 1460 in
752 1411 872 1477 singulis

71 1475 258 1528 animantibus
273 1475 421 1528 varietatis
439 1481 494 1539 est,
514 1474 567 1529 lioc
584 1489 665 1528 omne
681 1483 748 1543 puta
764 1493 825 1530 esse
843 1479 873 1530 in

70 1541 191 1596 homine.
227 1543 291 1596 lllie
300 1545 422 1613 reperies
433 1545 512 1614 lupos
524 1545 627 1610 varios,
639 1561 720 1598 canes
731 1549 875 1616 inenarra-

18 1635 20 1642 ’
70 1613 120 1667 bili
131 1615 284 1678 varietate,
295 1611 478 1683 elephantos,
496 1615 632 1678 camelos,
646 1614 753 1679 asinos,
765 1615 872 1681 leones,

69 1697 144 1743 orem
164 1683 287 1752 viperas,
306 1683 414 1747 simios,
436 1685 579 1746 dracones,
599 1683 718 1752 aquilas,
736 1685 873 1750 vultures,
891 1689 895 1697 ’

68 1751 244 1815 hirundines,
254 1749 413 1818 hirudinesr
432 1753 540 1822 etquid
552 1753 624 1805 noni
660 1755 874 1819 mentuunt
897 1809 901 1814 .
939 1777 941 1784 ·

68 1835 110 1876 ss.
122 1821 242 1874 Nullum
251 1828 344 1874 autem
358 1827 402 1876 est
412 1821 517 1876 animal
528 1829 583 1875 tam
598 1823 723 1888 efferum,
734 1828 800 1893 quin
812 1835 873 1880 arte

67 1897 224 1944 tractatum
242 1891 362 1960 aliorsum
379 1891 414 1944 da
434 1905 464 1944 se
486 1891 622 1959 praeirent
643 1893 804 1957 utilitatem,
825 1901 874 1948 aut

66 1967 145 2012 certe
156 1975 214 2014 noa
222 1959 330 2012 laedatr
361 1975 410 2012 ra.
421 1957 551 2014 Nondum
566 1964 704 2032 perspicio
718 1965 784 2032 quid
796 1979 872 2031 agas.

67 2043 109 2082 sr.
124 2030 178 2081 Est
189 2029 313 2082 nonnihil
324 2029 493 2084 discriminis
503 2031 577 2084 inter
584 2032 749 2100 Hispanum,
760 2035 872 2092 italum,
938 2091 941 2097 ¹
986 2039 994 2044 “

67 2097 254 2162 Germanum,
262 2097 375 2152 Gallum
387 2101 552 2169 et‘Anglum.
589 2116 636 2154 ru.
649 2103 701 2153 list
713 2103 803 2170 plane.
834 2115 873 2152 su.

67 2167 182 2220 Adhaec
197 2174 241 2227 est
253 2169 372 2238 singulis
388 2170 417 2222 in
427 2184 481 2221 uno
522 2184 594 2237 oque
611 2185 714 2239 genere
729 2169 873 2236 peculiare

69 2237 213 2304 quoddam
228 2237 380 2308 ingenium.
416 2251 464 2291 ris.
499 2245 588 2292 ateor.
625 2253 667 2291 su.
684 2239 871 2290 llanorarie-
960 2273 963 2278 -

67 2312 158 2359 tatem
169 2306 237 2362 sisa
275 2306 723 2368 citerhabuerisanimadversam
734 2309 763 2358 et
774 2308 870 2372 singu·
905 2363 908 2368 ,
932 2355 934 2362 s

44 2408 47 2416 ,
67 2373 161 2428 lorum
171 2378 244 2428 mori
255 2379 297 2428 'us
307 2384 336 2430 te
349 2377 555 2441 accommodes,
572 2376 706 2444 perfacile
718 2389 870 2442 conseque·
885 2399 889 2406 ·

64 2443 116 2510 ris,
128 2451 161 2497 ut
171 2451 222 2499 aut
233 2461 329 2499 omnes
339 2444 562 2509 haremanne-or,
573 2451 621 2508 aut
632 2449 706 2496 certo
718 2444 809 2496 nullos
819 2443 872 2494 ini·

64 2517 167 2568 micas.
203 2529 252 2567 err.
263 2515 292 2568 Si
303 2515 439 2585 polypum
450 2530 494 2568 me
509 2515 571 2568 lieri
587 2513 679 2577 iubes,
701 2513 754 2565 ubi*
761 2519 871 2567 rectum

63 2591 95 2636 et
106 2581 272 2637 honestuml
308 2599 349 2638 er.
361 2585 452 2637 ilatio
462 2583 545 2636 rebus
556 2581 746 2636 communibus
756 2579 869 2651 aliquod

64 2654 242 2720 obsequium,
264 2653 338 2721 quod
349 2654 427 2706 millo
437 2659 520 2722 puoto
531 2653 615 2704 vitiat
624 2651 782 2717 honestum3
794 2651 869 2720 quod

64 2735 177 2792 germ,
196 2721 379 2802 npud'ltalos
400 2724 495 2778 meula
516 2717 712 2844 salutantum?
728 2722 815 2775 viros:
827 2720 868 2792 ‚in
917 2759 920 2764 .
