2172 3238
182 333 248 392 ,noo
311 399 318 408 ,
398 329 789 388 nnnsurnornn
844 307 846 314 ’
915 295 928 372 f
1064 327 1065 410 q

195 453 228 492 ee
242 439 356 506 optant,
375 435 503 490 breviter
517 435 553 490 ed
568 450 678 490 omnem
693 449 806 488 sensum
824 447 1002 490 communem
1064 435 1065 504 i

176 519 311 577 rprorsus
330 507 507 576 obstupuisse
523 507 674 570 videntur,
697 503 811 574 perinde
833 507 916 573 quati
937 503 1003 558 alibi
1064 525 1065 584 q

193 577 274 632 meat
296 576 492 640 animoa-non
508 577 538 628 in
553 590 604 628 suo
623 589 689 680 eor-qs
710 591 749 628 re.
786 575 870 639 Quod
892 575 1003 643 quidem
1064 585 1065 590 ¹

193 647 265 718 quid
275 645 353 698 aliud
364 653 420 712 eet,
440 660 523 714 quam
537 645 680 699 insanire.
718 643 780 707 Quo
796 645 889 698 minus
905 647 1006 696 mirum

192 717 286 774 rideri
297 716 396 779 debet,
418 715 443 770 ei
454 716 579 784 apostoli
593 720 686 768 musto
701 715 850 768 temulenti
864 721 931 766 sunt
941 714 1006 780 visi,
1024 718 1026 724 ’

192 785 221 842 si
230 785 336 854 Paulus
346 787 435 840 iudici
444 789 530 842 Festo
542 789 618 840 visus
628 793 672 838 est
682 785 814 838 insanire.
833 785 1005 854 Sedpoetea·

195 871 280 930 quem
302 855 392 910 semel
405 853 577 928 τὴν-λεοντὴν
599 855 753 918 induimus,
791 869 845 924 nge
856 857 1006 908 doceamus
1064 861 1065 898 ξ

195 925 324 990 etillud,
345 926 512 981 felicitatem
525 925 761 988 Christianorum,
782 926 1008 995 quamtotlabo-
1064 907 1065 962 l

157 998 163 1010 “
193 997 273 1052 ribus
285 1003 428 1064 expetunt,
450 995 523 1067 nihil
534 995 613 1048 aliud
625 1011 696 1060 esse,
708 1011 791 1064 quam
803 995 931 1048 insaniae
942 995 1008 1048 stul·
1064 1009 1065 1022 ¹

194 1069 333 1136 titiaeque
344 1083 433 1136 genus
444 1065 599 1135 quoddam:
623 1067 698 1120 absit
708 1065 813 1118 invidia
823 1066 926 1128 verbis,
948 1079 1007 1118 rem
1064 1109 1065 1136 q

194 1139 286 1212 ipsam
300 1139 395 1206 potius
408 1137 569 1204 expendite.
589 1139 669 1196 ·lam,
681 1139 801 1203 primum
816 1135 889 1187 illud
906 1150 1005 1204 prope·
1064 1139 1065 1166 l

194 1209 311 1264 modum
324 1205 492 1260 Christianis
503 1206 632 1256 convenit
642 1221 704 1258 cunr
714 1204 878 1269 Platonicis,
884 1209 1007 1258 animum

194 1279 362 1333 immersum
373 1277 575 1344 alligatumque
586 1290 648 1328 esse
660 1277 804 1343 corporeis
813 1277 945 1341 vinculis,
960 1275 1008 1328 hu-

177 1405 183 1412 ,
195 1349 296 1416 iusque
308 1345 497 1400 crassitudine
513 1345 687 1422 praeeediri,
709 1360 763 1415 quo
776 1347 869 1400 minus
881 1363 924 1410 ea,
936 1360 1013 1414 quae·

194 1434 265 1473 vera
285 1424 369 1483 sunt,
391 1415 594 1483 contemplari,
616 1414 727 1484 fruique
749 1417 848 1486 possit.
885 1416 1010 1470 Proinde

180 1487 409 1560 .plrilosophiam
429 1486 563 1551 deliniti)
582 1501 644 1538 esse
664 1489 765 1540 mortis
785 1487 1009 1552 meditationem,

197 1558 275 1684 quod
287 1575 321 1614 ea
331 1565 455 1613 mentem
467 1558 577 1612 erebus
589 1556 749 1610 visibilibus
762 1575 794 1612 ae
806 1559 951 1626 corporeis
962 1560 1010 1611 ab·

220 1635 299 1694 ucat,
312 1631 388 1699 quod
403 1629 479 1684 idem
496 1631 593 1696 utique
603 1643 679 1680 mors
692 1629 769 1682 iacit.
805 1629 903 1696 ltaque
914 1644 1012 1698 quam·

198 1699 251 1755 diu
264 1701 375 1753 animus
394 1699 522 1768 eorporis
537 1699 653 1768 organis
667 1701 754 1767 probe
770 1701 866 1764 utitur,
885 1707 945 1752 tam
961 1699 1013 1750 diu

197 1780 285 1836 uanus
301 1771 478 1838 appellatur:
504 1784 602 1822 rerum
618 1769 683 1834 ubi,
703 1769 792 1838 ruptis
806 1771 863 1822 iam
876 1769 1012 1833 vinculis,

198 1845 318 1894 donatur
329 1841 360 1892 in
370 1841 533 1894 libertatem
545 1854 673 1894 asserere
683 1857 752 1904 sese,
763 1842 899 1908 quasique
910 1841 1013 1908 fugam

200 1923 281 1966 exeo
293 1911 590 1977 earceremeditatur,
612 1917 672 1964 tum
682 1913 820 1964 insaniam
830 1917 943 1964 vocant.
979 1909 1013 1963 ld
1064 1951 1065 1974 2

198 1981 225 2034 sl
237 1980 311 2034 forte
322 1981 461 2050 contingit
472 1985 580 2046 morbo,
600 1983 726 2051 vitioque
738 1996 916 2052 organorum,
927 1996 1012 2050 pror·

198 2065 249 2104 eus
269 2052 393 2104 omnium
413 2066 550 2106 consensu
564 2055 675 2106 insania
696 2061 747 2106 est.
784 2054 821 2105 Et
836 2060 932 2106 tamen
957 2052 1013 2104 hoo
1064 2055 1065 2086 l

198 2135 310 2191 quoque
326 2119 572 2194 genusirominum
587 2124 713 2177 videmus
724 2121 824 2180 ,futura
836 2121 1012 2192 'praedicare

197 2193 271 2246 seire
283 2191 396 2260 linguas
408 2193 572 2259 ae-litteras,
592 2209 661 2264 quae
674 2203 741 2260 ante
753 2209 892 2261 nunquam
905 2195 1011 2248 didice-

197 2267 272 2327 rant,
282 2268 313 2316 et
323 2263 438 2315 omnino
452 2261 577 2318 divinum
587 2264 721 2333 quiddam
734 2280 801 2335 prae
813 2265 940 2338 neferre-
956 2265 1011 2318 Ne·

197 2337 254 2402 que
267 2332 445 2399 dubiumst,
465 2333 494 2388 id
505 2335 572 2388 inde
585 2335 722 2399 accidere,
744 2333 817 2404 quod
830 2352 908 2388 mens
917 2352 935 2387 a
946 2350 1012 2388 eon·

197 2403 279 2471 tegio
298 2404 427 2472 corporis
448 2405 532 2476 paulo
554 2406 680 2469 liberior,
701 2407 804 2473 incipit
820 2409 944 2461 nativam
968 2406 1013 2457 aui

195 2473 253 2526 vim
264 2487 388 2526 exerere.
423 2473 629 2530 ldemarbitror
640 2491 701 2532 esse
712 2476 742 2528 in
754 2489 859 2541 caussa,
871 2493 921 2529 eur
931 2477 1013 2529 labo·
1061 2415 1065 2548 i

195 2541 328 2596 rantibus
338 2543 431 2596 vicina
442 2553 533 2600 morte
544 2547 635 2599 simile
648 2545 779 2614 quiddam
790 2546 883 2600 soleat
895 2547 1014 2606 aecide-

179 2625 240 2675 .re‚
260 2619 293 2664 ut
303 2619 436 2680 tanquam
455 2613 544 2668 ailiati
562 2617 729 2684 prodigiosa
744 2616 1015 2685 quaedamloquan·

196 2687 254 2732 tur.
290 2681 411 2734 Rursum
423 2683 448 2734 si
457 2684 489 2735 id
500 2691 613 2738 eveniat
624 2686 721 2739 studio
738 2687 868 2754 pietatis,
888 2685 1017 2742 sortasse

144 2805 145 2814 ἵ
198 2761 256 2801 non
267 2757 310 2801 eat
320 2750 395 2802 idem
406 2751 536 2806 insaniae
546 2771 652 2824 genus,
673 2756 725 2807 sed
736 2763 830 2808 tamen
842 2759 914 2813 adeo
927 2761 1018 2812 conli-

137 2826 142 2832 ·
197 2829 248 2879 ue,
268 2824 300 2870 ut
311 2833 414 2886 magna
430 2835 496 2888 pars
513 2823 658 2879 hominum
674 2841 782 2884 meram
796 2824 940 2888 insaniam
952 2841 1018 2888 esse

229 2897 380 2955 meriste.
393 2903 569 2956 melarione..
692 2947 697 2956 .
808 2909 812 2915 ’
846 2973 857 2980 .
