<?xml version="1.0" encoding="UTF-8"?>
<!DOCTYPE html PUBLIC "-//W3C//DTD XHTML 1.0 Transitional//EN"
    "http://www.w3.org/TR/xhtml1/DTD/xhtml1-transitional.dtd">
<html xmlns="http://www.w3.org/1999/xhtml" xml:lang="en" lang="en">
 <head>
  <title>
</title>
<meta http-equiv="Content-Type" content="text/html;charset=utf-8" />
  <meta name='ocr-system' content='tesseract 3.04.00' />
  <meta name='ocr-capabilities' content='ocr_page ocr_carea ocr_par ocr_line ocrx_word'/>
</head>
<body>
  <div class='ocr_page' id='page_1' title='image "./desideriierasmi01erasgoog_0352.png"; bbox 0 0 2172 3238; ppageno 0'>
   <div class='ocr_carea' id='block_1_1' title="bbox 8 225 974 2797">
    <p class='ocr_par' dir='ltr' id='par_1_1' title="bbox 8 217 935 384">
     <span class='ocr_line' id='line_1_1' title="bbox 8 225 935 384; baseline 0.011 -73"><span class='ocrx_word' id='word_1_1' title='bbox 8 285 15 384; x_wconf 45' lang='lat' dir='ltr'>t</span> <span class='ocrx_word' id='word_1_2' title='bbox 202 253 480 314; x_wconf 43' lang='lat' dir='ltr'><strong>,Elicuitlluitl</strong></span> <span class='ocrx_word' id='word_1_3' title='bbox 508 251 707 320; x_wconf 78' lang='lat' dir='ltr'><strong>iromus.</strong></span> <span class='ocrx_word' id='word_1_4' title='bbox 803 235 858 320; x_wconf 75' lang='lat' dir='ltr'><strong>asi</strong></span> <span class='ocrx_word' id='word_1_5' title='bbox 929 225 935 243; x_wconf 62' lang='grc'><strong>“</strong></span> 
     </span>
    </p>

    <p class='ocr_par' dir='ltr' id='par_1_2' title="bbox 8 362 858 434">
     <span class='ocr_line' id='line_1_2' title="bbox 8 362 858 434; baseline 0.005 -16"><span class='ocrx_word' id='word_1_6' title='bbox 8 404 18 418; x_wconf 72' lang='grc'><strong>,.</strong></span> <span class='ocrx_word' id='word_1_7' title='bbox 40 363 204 434; x_wconf 56' lang='lat' dir='ltr'><strong>praebent,</strong></span> <span class='ocrx_word' id='word_1_8' title='bbox 215 363 346 433; x_wconf 79' lang='lat' dir='ltr'><strong>quumab</strong></span> <span class='ocrx_word' id='word_1_9' title='bbox 356 362 393 416; x_wconf 90' lang='lat' dir='ltr'><strong>iis</strong></span> <span class='ocrx_word' id='word_1_10' title='bbox 404 363 480 430; x_wconf 88' lang='lat' dir='ltr'><strong>ipsis,</strong></span> <span class='ocrx_word' id='word_1_11' title='bbox 493 379 561 431; x_wconf 89' lang='lat' dir='ltr'><strong>quos</strong></span> <span class='ocrx_word' id='word_1_12' title='bbox 572 371 694 432; x_wconf 88' lang='lat' dir='ltr'><strong>captant,</strong></span> <span class='ocrx_word' id='word_1_13' title='bbox 710 371 770 421; x_wconf 85' lang='lat' dir='ltr'><strong>arte</strong></span> <span class='ocrx_word' id='word_1_14' title='bbox 781 365 858 422; x_wconf 89' lang='lat' dir='ltr'><strong>delu-</strong></span> 
     </span>
    </p>

    <p class='ocr_par' dir='ltr' id='par_1_3' title="bbox 12 433 858 505">
     <span class='ocr_line' id='line_1_3' title="bbox 12 433 858 505; baseline 0.005 -19"><span class='ocrx_word' id='word_1_15' title='bbox 12 438 20 505; x_wconf 75' lang='lat' dir='ltr'><strong>l</strong></span> <span class='ocrx_word' id='word_1_16' title='bbox 53 435 176 486; x_wconf 67' lang='lat' dir='ltr'><strong>dantum</strong></span> <span class='ocrx_word' id='word_1_17' title='bbox 187 435 238 486; x_wconf 87' lang='lat' dir='ltr'><strong>Est</strong></span> <span class='ocrx_word' id='word_1_18' title='bbox 248 434 371 486; x_wconf 89' lang='lat' dir='ltr'><strong>omnium</strong></span> <span class='ocrx_word' id='word_1_19' title='bbox 380 433 576 488; x_wconf 85' lang='lat' dir='ltr'><strong>stultissimum</strong></span> <span class='ocrx_word' id='word_1_20' title='bbox 588 449 621 486; x_wconf 84' lang='lat' dir='ltr'><strong>ac</strong></span> <span class='ocrx_word' id='word_1_21' title='bbox 632 435 858 490; x_wconf 84' lang='lat' dir='ltr'><strong>sordidissimum</strong></span> 
     </span>
    </p>

    <p class='ocr_par' dir='ltr' id='par_1_4' title="bbox 8 503 856 577">
     <span class='ocr_line' id='line_1_4' title="bbox 8 503 856 577; baseline 0.011 -27"><span class='ocrx_word' id='word_1_22' title='bbox 8 508 19 561; x_wconf 69' lang='lat'><strong>,¹</strong></span> <span class='ocrx_word' id='word_1_23' title='bbox 51 503 261 571; x_wconf 79' lang='lat' dir='ltr'><strong>negotiatorum</strong></span> <span class='ocrx_word' id='word_1_24' title='bbox 273 517 374 571; x_wconf 80' lang='lat' dir='ltr'><strong>genus,</strong></span> <span class='ocrx_word' id='word_1_25' title='bbox 385 503 487 570; x_wconf 86' lang='lat' dir='ltr'><strong>quippe</strong></span> <span class='ocrx_word' id='word_1_26' title='bbox 498 503 546 577; x_wconf 83' lang='lat' dir='ltr'><strong>qui</strong></span> <span class='ocrx_word' id='word_1_27' title='bbox 557 519 616 556; x_wconf 88' lang='lat' dir='ltr'><strong>rem</strong></span> <span class='ocrx_word' id='word_1_28' title='bbox 628 507 749 558; x_wconf 90' lang='lat' dir='ltr'><strong>omnium</strong></span> <span class='ocrx_word' id='word_1_29' title='bbox 766 507 856 559; x_wconf 89' lang='lat' dir='ltr'><strong>sordi·</strong></span> 
     </span>
    </p>

    <p class='ocr_par' dir='ltr' id='par_1_5' title="bbox 8 571 893 710">
     <span class='ocr_line' id='line_1_5' title="bbox 8 571 857 642; baseline 0.004 -18"><span class='ocrx_word' id='word_1_30' title='bbox 8 574 14 612; x_wconf 78' lang='lat' dir='ltr'><strong>l</strong></span> <span class='ocrx_word' id='word_1_31' title='bbox 54 571 198 624; x_wconf 84' lang='lat' dir='ltr'><strong>dissimum</strong></span> <span class='ocrx_word' id='word_1_32' title='bbox 219 579 359 636; x_wconf 78' lang='lat' dir='ltr'><strong>tractent,</strong></span> <span class='ocrx_word' id='word_1_33' title='bbox 373 572 458 638; x_wconf 86' lang='lat' dir='ltr'><strong>idque</strong></span> <span class='ocrx_word' id='word_1_34' title='bbox 478 573 679 626; x_wconf 87' lang='lat' dir='ltr'><strong>sordidissimis</strong></span> <span class='ocrx_word' id='word_1_35' title='bbox 689 575 857 642; x_wconf 80' lang='lat' dir='ltr'><strong>rationibus3</strong></span> 
     </span>
     <span class='ocr_line' id='line_1_6' title="bbox 54 639 893 710; baseline 0.005 -18"><span class='ocrx_word' id='word_1_36' title='bbox 54 643 102 710; x_wconf 87' lang='lat' dir='ltr'><strong>qui</strong></span> <span class='ocrx_word' id='word_1_37' title='bbox 124 639 206 709; x_wconf 73' lang='lat' dir='ltr'><strong>quum</strong></span> <span class='ocrx_word' id='word_1_38' title='bbox 223 642 326 709; x_wconf 85' lang='lat' dir='ltr'><strong>passim</strong></span> <span class='ocrx_word' id='word_1_39' title='bbox 348 642 537 706; x_wconf 74' lang='lat' dir='ltr'>mentiantur,</span> <span class='ocrx_word' id='word_1_40' title='bbox 558 643 859 710; x_wconf 66' lang='lat' dir='ltr'><strong>peterent,‘fureutur,</strong></span> <span class='ocrx_word' id='word_1_41' title='bbox 884 643 893 650; x_wconf 79' lang='grc'><strong>“</strong></span> 
     </span>
    </p>

    <p class='ocr_par' dir='ltr' id='par_1_6' title="bbox 8 711 929 782">
     <span class='ocr_line' id='line_1_7' title="bbox 8 711 929 782; baseline 0.005 -20"><span class='ocrx_word' id='word_1_42' title='bbox 8 723 12 774; x_wconf 71' lang='lat' dir='ltr'><strong>l</strong></span> <span class='ocrx_word' id='word_1_43' title='bbox 52 711 196 773; x_wconf 78' lang='lat' dir='ltr'><strong>fraudent,</strong></span> <span class='ocrx_word' id='word_1_44' title='bbox 207 713 359 778; x_wconf 82' lang='lat' dir='ltr'><strong>imponant,</strong></span> <span class='ocrx_word' id='word_1_45' title='bbox 379 715 473 764; x_wconf 81' lang='lat' dir='ltr'><strong>tamen</strong></span> <span class='ocrx_word' id='word_1_46' title='bbox 488 715 610 763; x_wconf 90' lang='lat' dir='ltr'><strong>omnium</strong></span> <span class='ocrx_word' id='word_1_47' title='bbox 627 715 732 782; x_wconf 86' lang='lat' dir='ltr'><strong>primos</strong></span> <span class='ocrx_word' id='word_1_48' title='bbox 743 729 804 772; x_wconf 79' lang='lat' dir='ltr'><strong>sese</strong></span> <span class='ocrx_word' id='word_1_49' title='bbox 815 712 859 766; x_wconf 81' lang='lat' dir='ltr'><strong>fa·</strong></span> <span class='ocrx_word' id='word_1_50' title='bbox 900 713 902 716; x_wconf 76' lang='grc'><strong>’</strong></span> <span class='ocrx_word' id='word_1_51' title='bbox 925 719 929 740; x_wconf 57' lang='lat' dir='ltr'><strong>l</strong></span> 
     </span>
    </p>

    <p class='ocr_par' dir='ltr' id='par_1_7' title="bbox 8 775 862 850">
     <span class='ocr_line' id='line_1_8' title="bbox 8 775 862 850; baseline 0.005 -18"><span class='ocrx_word' id='word_1_52' title='bbox 8 775 10 840; x_wconf 58' lang='grc' dir='ltr'>ἶ</span> <span class='ocrx_word' id='word_1_53' title='bbox 54 780 141 844; x_wconf 87' lang='lat' dir='ltr'><strong>ciunt,</strong></span> <span class='ocrx_word' id='word_1_54' title='bbox 153 779 383 848; x_wconf 84' lang='lat' dir='ltr'><strong>proptereaquod</strong></span> <span class='ocrx_word' id='word_1_55' title='bbox 391 780 699 850; x_wconf 80' lang='lat' dir='ltr'><strong>digitoahabeantauro</strong></span> <span class='ocrx_word' id='word_1_56' title='bbox 711 783 862 836; x_wconf 82' lang='lat' dir='ltr'><strong>reuinctos.</strong></span> 
     </span>
    </p>

    <p class='ocr_par' dir='ltr' id='par_1_8' title="bbox 53 849 865 990">
     <span class='ocr_line' id='line_1_9' title="bbox 53 849 863 922; baseline 0.001 -19"><span class='ocrx_word' id='word_1_57' title='bbox 53 849 116 904; x_wconf 86' lang='lat' dir='ltr'><strong>Nec</strong></span> <span class='ocrx_word' id='word_1_58' title='bbox 126 849 226 902; x_wconf 85' lang='lat' dir='ltr'><strong>desunt</strong></span> <span class='ocrx_word' id='word_1_59' title='bbox 236 849 398 901; x_wconf 78' lang='lat' dir='ltr'><strong>adulatores</strong></span> <span class='ocrx_word' id='word_1_60' title='bbox 410 850 567 915; x_wconf 82' lang='lat' dir='ltr'><strong>fraterculi,</strong></span> <span class='ocrx_word' id='word_1_61' title='bbox 578 853 626 920; x_wconf 88' lang='lat' dir='ltr'><strong>qul</strong></span> <span class='ocrx_word' id='word_1_62' title='bbox 644 854 780 922; x_wconf 81' lang='lat' dir='ltr'><strong>mirentur</strong></span> <span class='ocrx_word' id='word_1_63' title='bbox 790 853 863 906; x_wconf 83' lang='lat' dir='ltr'><strong>istos</strong></span> 
     </span>
     <span class='ocr_line' id='line_1_10' title="bbox 55 918 865 990; baseline 0.005 -18"><span class='ocrx_word' id='word_1_64' title='bbox 55 918 275 974; x_wconf 78' lang='lat' dir='ltr'><strong>acreuerabilca</strong></span> <span class='ocrx_word' id='word_1_65' title='bbox 285 919 377 986; x_wconf 85' lang='lat' dir='ltr'><strong>palam</strong></span> <span class='ocrx_word' id='word_1_66' title='bbox 389 921 538 987; x_wconf 79' lang='lat' dir='ltr'><strong>appellent,</strong></span> <span class='ocrx_word' id='word_1_67' title='bbox 553 921 692 986; x_wconf 84' lang='lat' dir='ltr'><strong>nimirum,</strong></span> <span class='ocrx_word' id='word_1_68' title='bbox 701 930 732 972; x_wconf 88' lang='lat' dir='ltr'><strong>ut</strong></span> <span class='ocrx_word' id='word_1_69' title='bbox 742 923 778 973; x_wconf 90' lang='lat' dir='ltr'><strong>ad</strong></span> <span class='ocrx_word' id='word_1_70' title='bbox 788 923 865 990; x_wconf 76' lang='lat' dir='ltr'><strong>ipsos</strong></span> 
     </span>
    </p>

    <p class='ocr_par' dir='ltr' id='par_1_9' title="bbox 9 988 974 1408">
     <span class='ocr_line' id='line_1_11' title="bbox 9 988 969 1058; baseline 0.003 -17"><span class='ocrx_word' id='word_1_71' title='bbox 9 993 10 996; x_wconf 75' lang='grc'>’</span> <span class='ocrx_word' id='word_1_72' title='bbox 55 988 865 1058; x_wconf 76' lang='lat' dir='ltr'><strong>aliquamalepartorumportiunculareueaeAlibivideaa</strong></span> <span class='ocrx_word' id='word_1_73' title='bbox 948 999 969 1015; x_wconf 60' lang='lat'><strong>¹*</strong></span> 
     </span>
     <span class='ocr_line' id='line_1_12' title="bbox 54 1057 866 1127; baseline 0.005 -17"><span class='ocrx_word' id='word_1_74' title='bbox 54 1057 264 1127; x_wconf 80' lang='lat' dir='ltr'><strong>Pythagoricos</strong></span> <span class='ocrx_word' id='word_1_75' title='bbox 283 1058 439 1124; x_wconf 89' lang='lat' dir='ltr'><strong>quosdam,</strong></span> <span class='ocrx_word' id='word_1_76' title='bbox 459 1059 560 1127; x_wconf 87' lang='lat' dir='ltr'><strong>quibus</strong></span> <span class='ocrx_word' id='word_1_77' title='bbox 581 1073 667 1126; x_wconf 88' lang='lat' dir='ltr'><strong>nsque</strong></span> <span class='ocrx_word' id='word_1_78' title='bbox 689 1060 760 1112; x_wconf 86' lang='lat' dir='ltr'><strong>adeo</strong></span> <span class='ocrx_word' id='word_1_79' title='bbox 772 1062 866 1114; x_wconf 76' lang='lat' dir='ltr'><strong>omnia</strong></span> 
     </span>
     <span class='ocr_line' id='line_1_13' title="bbox 54 1129 866 1198; baseline 0.002 -17"><span class='ocrx_word' id='word_1_80' title='bbox 54 1129 260 1182; x_wconf 74' lang='lat' dir='ltr'><strong>viderrturesse</strong></span> <span class='ocrx_word' id='word_1_81' title='bbox 278 1129 447 1190; x_wconf 87' lang='lat' dir='ltr'><strong>eommunia,</strong></span> <span class='ocrx_word' id='word_1_82' title='bbox 466 1129 640 1197; x_wconf 74' lang='lat' dir='ltr'><strong>utquisquid</strong></span> <span class='ocrx_word' id='word_1_83' title='bbox 652 1145 767 1198; x_wconf 87' lang='lat' dir='ltr'><strong>usquam</strong></span> <span class='ocrx_word' id='word_1_84' title='bbox 786 1132 866 1184; x_wconf 90' lang='lat' dir='ltr'><strong>ineu·</strong></span> 
     </span>
     <span class='ocr_line' id='line_1_14' title="bbox 56 1197 974 1262; baseline 0.004 -12"><span class='ocrx_word' id='word_1_85' title='bbox 56 1197 194 1251; x_wconf 87' lang='lat' dir='ltr'><strong>studitum</strong></span> <span class='ocrx_word' id='word_1_86' title='bbox 205 1197 282 1249; x_wconf 85' lang='lat' dir='ltr'><strong>nacti</strong></span> <span class='ocrx_word' id='word_1_87' title='bbox 292 1197 407 1261; x_wconf 79' lang='lat' dir='ltr'><strong>fuerint,</strong></span> <span class='ocrx_word' id='word_1_88' title='bbox 417 1197 455 1262; x_wconf 91' lang='lat' dir='ltr'><strong>id,</strong></span> <span class='ocrx_word' id='word_1_89' title='bbox 472 1199 549 1250; x_wconf 84' lang='lat' dir='ltr'><strong>velut</strong></span> <span class='ocrx_word' id='word_1_90' title='bbox 560 1199 734 1254; x_wconf 79' lang='lat' dir='ltr'><strong>haereditate</strong></span> <span class='ocrx_word' id='word_1_91' title='bbox 745 1200 865 1253; x_wconf 85' lang='lat' dir='ltr'><strong>obvene·</strong></span> <span class='ocrx_word' id='word_1_92' title='bbox 921 1235 929 1254; x_wconf 73' lang='lat'>.</span> <span class='ocrx_word' id='word_1_93' title='bbox 971 1253 974 1260; x_wconf 78' lang='grc'><strong><em>,</em></strong></span> 
     </span>
     <span class='ocr_line' id='line_1_15' title="bbox 56 1267 865 1336; baseline 0.004 -17"><span class='ocrx_word' id='word_1_94' title='bbox 56 1270 106 1331; x_wconf 91' lang='lat' dir='ltr'><strong>rit,</strong></span> <span class='ocrx_word' id='word_1_95' title='bbox 129 1281 217 1334; x_wconf 87' lang='lat' dir='ltr'><strong>aequo</strong></span> <span class='ocrx_word' id='word_1_96' title='bbox 229 1267 322 1318; x_wconf 86' lang='lat' dir='ltr'><strong>animo</strong></span> <span class='ocrx_word' id='word_1_97' title='bbox 330 1267 441 1320; x_wconf 84' lang='lat' dir='ltr'><strong>tollant.</strong></span> <span class='ocrx_word' id='word_1_98' title='bbox 478 1267 549 1320; x_wconf 81' lang='lat' dir='ltr'><strong>Sunt</strong></span> <span class='ocrx_word' id='word_1_99' title='bbox 561 1271 607 1336; x_wconf 90' lang='lat' dir='ltr'><strong>qui</strong></span> <span class='ocrx_word' id='word_1_100' title='bbox 619 1271 693 1322; x_wconf 84' lang='lat' dir='ltr'><strong>votis</strong></span> <span class='ocrx_word' id='word_1_101' title='bbox 702 1276 811 1322; x_wconf 89' lang='lat' dir='ltr'><strong>tantum</strong></span> <span class='ocrx_word' id='word_1_102' title='bbox 821 1271 865 1322; x_wconf 88' lang='lat' dir='ltr'><strong>di·</strong></span> 
     </span>
     <span class='ocr_line' id='line_1_16' title="bbox 55 1337 867 1408; baseline 0.005 -20"><span class='ocrx_word' id='word_1_103' title='bbox 55 1340 132 1391; x_wconf 72' lang='lat' dir='ltr'><strong>vites</strong></span> <span class='ocrx_word' id='word_1_104' title='bbox 143 1343 217 1398; x_wconf 90' lang='lat' dir='ltr'><strong>sunt,</strong></span> <span class='ocrx_word' id='word_1_105' title='bbox 246 1342 276 1388; x_wconf 88' lang='lat' dir='ltr'><strong>et</strong></span> <span class='ocrx_word' id='word_1_106' title='bbox 285 1337 407 1388; x_wconf 87' lang='lat' dir='ltr'><strong>iucunda</strong></span> <span class='ocrx_word' id='word_1_107' title='bbox 416 1338 551 1406; x_wconf 83' lang='lat' dir='ltr'><strong>quaedam</strong></span> <span class='ocrx_word' id='word_1_108' title='bbox 562 1339 616 1390; x_wconf 83' lang='lat' dir='ltr'><strong>sibi</strong></span> <span class='ocrx_word' id='word_1_109' title='bbox 627 1341 735 1408; x_wconf 86' lang='lat' dir='ltr'><strong>lingunt</strong></span> <span class='ocrx_word' id='word_1_110' title='bbox 745 1340 867 1404; x_wconf 85' lang='lat' dir='ltr'><strong>somnia,</strong></span> 
     </span>
    </p>

    <p class='ocr_par' dir='ltr' id='par_1_10' title="bbox 8 1405 935 1756">
     <span class='ocr_line' id='line_1_17' title="bbox 8 1405 935 1474; baseline 0.004 -18"><span class='ocrx_word' id='word_1_111' title='bbox 8 1431 10 1436; x_wconf 41' lang='lat' dir='ltr'>v</span> <span class='ocrx_word' id='word_1_112' title='bbox 56 1405 145 1472; x_wconf 90' lang='lat' dir='ltr'><strong>idque</strong></span> <span class='ocrx_word' id='word_1_113' title='bbox 156 1406 192 1456; x_wconf 91' lang='lat' dir='ltr'><strong>ad</strong></span> <span class='ocrx_word' id='word_1_114' title='bbox 203 1405 369 1459; x_wconf 80' lang='lat' dir='ltr'><strong>felicitatem</strong></span> <span class='ocrx_word' id='word_1_115' title='bbox 379 1409 448 1458; x_wconf 88' lang='lat' dir='ltr'><strong>satis</strong></span> <span class='ocrx_word' id='word_1_116' title='bbox 459 1419 520 1458; x_wconf 88' lang='lat' dir='ltr'><strong>esse</strong></span> <span class='ocrx_word' id='word_1_117' title='bbox 531 1414 638 1474; x_wconf 87' lang='lat' dir='ltr'><strong>putant.</strong></span> <span class='ocrx_word' id='word_1_118' title='bbox 649 1408 784 1460; x_wconf 87' lang='lat' dir='ltr'><strong>Nonnulli</strong></span> <span class='ocrx_word' id='word_1_119' title='bbox 794 1407 867 1462; x_wconf 81' lang='lat' dir='ltr'><strong>foris</strong></span> <span class='ocrx_word' id='word_1_120' title='bbox 931 1461 935 1470; x_wconf 68' lang='grc'>,</span> 
     </span>
     <span class='ocr_line' id='line_1_18' title="bbox 57 1473 867 1544; baseline 0.006 -18"><span class='ocrx_word' id='word_1_121' title='bbox 57 1475 161 1526; x_wconf 79' lang='lat' dir='ltr'><strong>diuites</strong></span> <span class='ocrx_word' id='word_1_122' title='bbox 173 1473 271 1526; x_wconf 87' lang='lat' dir='ltr'><strong>haberi</strong></span> <span class='ocrx_word' id='word_1_123' title='bbox 283 1475 414 1541; x_wconf 86' lang='lat' dir='ltr'><strong>gaudent,</strong></span> <span class='ocrx_word' id='word_1_124' title='bbox 427 1475 503 1527; x_wconf 89' lang='lat' dir='ltr'><strong>domi</strong></span> <span class='ocrx_word' id='word_1_125' title='bbox 514 1479 641 1544; x_wconf 81' lang='lat' dir='ltr'><strong>gnavitcr</strong></span> <span class='ocrx_word' id='word_1_126' title='bbox 652 1478 788 1530; x_wconf 87' lang='lat' dir='ltr'><strong>esuriunt.</strong></span> <span class='ocrx_word' id='word_1_127' title='bbox 808 1479 867 1532; x_wconf 82' lang='lat' dir='ltr'><strong>llic</strong></span> 
     </span>
     <span class='ocr_line' id='line_1_19' title="bbox 56 1540 869 1614; baseline 0.005 -18"><span class='ocrx_word' id='word_1_128' title='bbox 56 1544 178 1598; x_wconf 76' lang='lat' dir='ltr'><strong>festinat</strong></span> <span class='ocrx_word' id='word_1_129' title='bbox 189 1540 592 1614; x_wconf 64' lang='lat' dir='ltr'><strong>quicquidhabetpffofundere,</strong></span> <span class='ocrx_word' id='word_1_130' title='bbox 602 1547 650 1600; x_wconf 88' lang='lat' dir='ltr'><strong>ille</strong></span> <span class='ocrx_word' id='word_1_131' title='bbox 660 1563 713 1614; x_wconf 87' lang='lat' dir='ltr'><strong>per</strong></span> <span class='ocrx_word' id='word_1_132' title='bbox 723 1547 766 1598; x_wconf 85' lang='lat' dir='ltr'><strong>las</strong></span> <span class='ocrx_word' id='word_1_133' title='bbox 777 1547 869 1600; x_wconf 81' lang='lat' dir='ltr'><strong>nefas·</strong></span> 
     </span>
     <span class='ocr_line' id='line_1_20' title="bbox 59 1613 868 1684; baseline 0.004 -19"><span class='ocrx_word' id='word_1_134' title='bbox 59 1629 115 1682; x_wconf 86' lang='lat' dir='ltr'><strong>que</strong></span> <span class='ocrx_word' id='word_1_135' title='bbox 127 1613 263 1680; x_wconf 81' lang='lat' dir='ltr'><strong>congerit.</strong></span> <span class='ocrx_word' id='word_1_136' title='bbox 281 1617 336 1666; x_wconf 88' lang='lat' dir='ltr'><strong>llic</strong></span> <span class='ocrx_word' id='word_1_137' title='bbox 347 1616 510 1681; x_wconf 74' lang='lat' dir='ltr'><strong>candidatus</strong></span> <span class='ocrx_word' id='word_1_138' title='bbox 520 1618 608 1668; x_wconf 86' lang='lat' dir='ltr'><strong>ambit</strong></span> <span class='ocrx_word' id='word_1_139' title='bbox 620 1617 768 1684; x_wconf 87' lang='lat' dir='ltr'><strong>populares</strong></span> <span class='ocrx_word' id='word_1_140' title='bbox 779 1615 868 1668; x_wconf 87' lang='lat' dir='ltr'><strong>hono·</strong></span> 
     </span>
     <span class='ocr_line' id='line_1_21' title="bbox 57 1683 869 1756; baseline 0.002 -20"><span class='ocrx_word' id='word_1_141' title='bbox 57 1699 115 1747; x_wconf 85' lang='lat' dir='ltr'><strong>res,</strong></span> <span class='ocrx_word' id='word_1_142' title='bbox 126 1684 176 1736; x_wconf 90' lang='lat' dir='ltr'><strong>ille</strong></span> <span class='ocrx_word' id='word_1_143' title='bbox 186 1685 220 1735; x_wconf 91' lang='lat' dir='ltr'><strong>ad</strong></span> <span class='ocrx_word' id='word_1_144' title='bbox 228 1683 322 1735; x_wconf 81' lang='lat' dir='ltr'><strong>locum</strong></span> <span class='ocrx_word' id='word_1_145' title='bbox 330 1693 418 1740; x_wconf 86' lang='lat' dir='ltr'><strong>semet</strong></span> <span class='ocrx_word' id='word_1_146' title='bbox 425 1687 557 1739; x_wconf 85' lang='lat' dir='ltr'><strong>oblectat.</strong></span> <span class='ocrx_word' id='word_1_147' title='bbox 569 1687 869 1756; x_wconf 72' lang='lat' dir='ltr'><strong>Bonuparslitcsnurr·</strong></span> 
     </span>
    </p>

    <p class='ocr_par' dir='ltr' id='par_1_11' title="bbox 9 1753 972 2034">
     <span class='ocr_line' id='line_1_22' title="bbox 9 1753 972 1826; baseline 0.005 -20"><span class='ocrx_word' id='word_1_148' title='bbox 9 1811 10 1816; x_wconf 43' lang='grc'>,</span> <span class='ocrx_word' id='word_1_149' title='bbox 58 1753 886 1826; x_wconf 82' lang='lat' dir='ltr'><strong>quamliniendasagitat,ethiucatquehinccertatimcon·-</strong></span> <span class='ocrx_word' id='word_1_150' title='bbox 964 1771 972 1780; x_wconf 90' lang='grc'><em>·</em></span> 
     </span>
     <span class='ocr_line' id='line_1_23' title="bbox 56 1823 868 1892; baseline 0.004 -16"><span class='ocrx_word' id='word_1_151' title='bbox 56 1823 186 1886; x_wconf 90' lang='lat' dir='ltr'><strong>tendunt,</strong></span> <span class='ocrx_word' id='word_1_152' title='bbox 205 1825 236 1876; x_wconf 90' lang='lat' dir='ltr'><strong>ut</strong></span> <span class='ocrx_word' id='word_1_153' title='bbox 245 1832 458 1892; x_wconf 85' lang='lat' dir='ltr'><strong>prorogatorem</strong></span> <span class='ocrx_word' id='word_1_154' title='bbox 476 1826 595 1889; x_wconf 73' lang='lat' dir='ltr'><strong>iudicem</strong></span> <span class='ocrx_word' id='word_1_155' title='bbox 606 1825 635 1879; x_wconf 81' lang='lat' dir='ltr'><strong>e&#39;t</strong></span> <span class='ocrx_word' id='word_1_156' title='bbox 646 1828 815 1880; x_wconf 80' lang='lat' dir='ltr'><strong>collusorem</strong></span> <span class='ocrx_word' id='word_1_157' title='bbox 825 1826 868 1879; x_wconf 87' lang='lat' dir='ltr'><strong>dt·</strong></span> 
     </span>
     <span class='ocr_line' id='line_1_24' title="bbox 57 1893 868 1958; baseline 0.004 -13"><span class='ocrx_word' id='word_1_158' title='bbox 57 1894 122 1946; x_wconf 86' lang='lat' dir='ltr'><strong>tent</strong></span> <span class='ocrx_word' id='word_1_159' title='bbox 131 1893 306 1945; x_wconf 85' lang='lat' dir='ltr'><strong>advoeatum.</strong></span> <span class='ocrx_word' id='word_1_160' title='bbox 321 1895 379 1946; x_wconf 86' lang='lat' dir='ltr'><strong>llic</strong></span> <span class='ocrx_word' id='word_1_161' title='bbox 389 1897 471 1946; x_wconf 77' lang='lat' dir='ltr'><strong>rebus</strong></span> <span class='ocrx_word' id='word_1_162' title='bbox 483 1895 620 1948; x_wconf 83' lang='lat' dir='ltr'><strong>novandis</strong></span> <span class='ocrx_word' id='word_1_163' title='bbox 630 1896 734 1958; x_wconf 82' lang='lat' dir='ltr'><strong>studet,</strong></span> <span class='ocrx_word' id='word_1_164' title='bbox 747 1896 796 1949; x_wconf 89' lang='lat' dir='ltr'><strong>ille</strong></span> <span class='ocrx_word' id='word_1_165' title='bbox 808 1911 868 1948; x_wconf 87' lang='lat' dir='ltr'><strong>ma·</strong></span> 
     </span>
     <span class='ocr_line' id='line_1_25' title="bbox 58 1962 870 2034; baseline 0.007 -21"><span class='ocrx_word' id='word_1_166' title='bbox 58 1979 144 2032; x_wconf 83' lang='lat' dir='ltr'><strong>gnum</strong></span> <span class='ocrx_word' id='word_1_167' title='bbox 154 1962 285 2029; x_wconf 84' lang='lat' dir='ltr'><strong>quiddam</strong></span> <span class='ocrx_word' id='word_1_168' title='bbox 295 1963 419 2016; x_wconf 84' lang='lat' dir='ltr'><strong>molitur.</strong></span> <span class='ocrx_word' id='word_1_169' title='bbox 431 1965 484 2014; x_wconf 85' lang='lat' dir='ltr'><strong>Est</strong></span> <span class='ocrx_word' id='word_1_170' title='bbox 496 1965 544 2031; x_wconf 87' lang='lat' dir='ltr'><strong>qui</strong></span> <span class='ocrx_word' id='word_1_171' title='bbox 554 1966 798 2034; x_wconf 81' lang='lat' dir='ltr'><strong>Hierosolymam,</strong></span> <span class='ocrx_word' id='word_1_172' title='bbox 814 1963 870 2019; x_wconf 75' lang='lat' dir='ltr'><strong>R&#39;o·</strong></span> 
     </span>
    </p>

    <p class='ocr_par' dir='ltr' id='par_1_12' title="bbox 9 2031 954 2104">
     <span class='ocr_line' id='line_1_26' title="bbox 9 2031 954 2104; baseline 0.007 -19"><span class='ocrx_word' id='word_1_173' title='bbox 9 2059 10 2064; x_wconf 61' lang='lat'><em>=</em></span> <span class='ocrx_word' id='word_1_174' title='bbox 56 2031 870 2104; x_wconf 83' lang='lat' dir='ltr'><strong>nram,autdirumlacubumadeat‚ubinihileatillinego·</strong></span> <span class='ocrx_word' id='word_1_175' title='bbox 950 2083 954 2092; x_wconf 93' lang='lat'>.</span> 
     </span>
    </p>

    <p class='ocr_par' dir='ltr' id='par_1_13' title="bbox 10 2101 953 2168">
     <span class='ocr_line' id='line_1_27' title="bbox 10 2101 953 2168; baseline 0.002 -12"><span class='ocrx_word' id='word_1_176' title='bbox 10 2121 11 2128; x_wconf 52' lang='lat'>¹</span> <span class='ocrx_word' id='word_1_177' title='bbox 57 2104 103 2165; x_wconf 89' lang='lat' dir='ltr'><strong>tii,</strong></span> <span class='ocrx_word' id='word_1_178' title='bbox 115 2103 190 2154; x_wconf 90' lang='lat' dir='ltr'><strong>domi</strong></span> <span class='ocrx_word' id='word_1_179' title='bbox 200 2101 307 2154; x_wconf 89' lang='lat' dir='ltr'><strong>relictis</strong></span> <span class='ocrx_word' id='word_1_180' title='bbox 318 2104 754 2168; x_wconf 86' lang='lat' dir='ltr'><strong>cumuxoreliberis.lnsumma,</strong></span> <span class='ocrx_word' id='word_1_181' title='bbox 764 2107 869 2158; x_wconf 86' lang='lat' dir='ltr'><strong>simor·</strong></span> <span class='ocrx_word' id='word_1_182' title='bbox 946 2121 953 2136; x_wconf 74' lang='lat'><strong><em>‘</em></strong></span> 
     </span>
    </p>

    <p class='ocr_par' dir='ltr' id='par_1_14' title="bbox 9 2171 869 2242">
     <span class='ocr_line' id='line_1_28' title="bbox 9 2171 869 2242; baseline 0.001 -16"><span class='ocrx_word' id='word_1_183' title='bbox 9 2185 10 2212; x_wconf 70' lang='lat' dir='ltr'><strong>l</strong></span> <span class='ocrx_word' id='word_1_184' title='bbox 57 2172 161 2226; x_wconf 85' lang='lat' dir='ltr'><strong>talium</strong></span> <span class='ocrx_word' id='word_1_185' title='bbox 178 2171 395 2229; x_wconf 85' lang='lat' dir='ltr'><strong>innunterabiles</strong></span> <span class='ocrx_word' id='word_1_186' title='bbox 411 2173 664 2238; x_wconf 86' lang='lat' dir='ltr'><strong>tumultuseluna,</strong></span> <span class='ocrx_word' id='word_1_187' title='bbox 688 2174 869 2242; x_wconf 81' lang='lat' dir='ltr'><strong>quemadmo-</strong></span> 
     </span>
    </p>

    <p class='ocr_par' dir='ltr' id='par_1_15' title="bbox 9 2241 869 2310">
     <span class='ocr_line' id='line_1_29' title="bbox 9 2241 869 2310; baseline 0.001 -14"><span class='ocrx_word' id='word_1_188' title='bbox 9 2245 11 2308; x_wconf 93' lang='grc' dir='ltr'>Ι</span> <span class='ocrx_word' id='word_1_189' title='bbox 59 2241 128 2296; x_wconf 90' lang='lat' dir='ltr'><strong>dum</strong></span> <span class='ocrx_word' id='word_1_190' title='bbox 136 2241 283 2310; x_wconf 85' lang='lat' dir='ltr'><strong>Menippus</strong></span> <span class='ocrx_word' id='word_1_191' title='bbox 295 2241 403 2306; x_wconf 83' lang='lat' dir='ltr'><strong>olim*),</strong></span> <span class='ocrx_word' id='word_1_192' title='bbox 414 2241 568 2309; x_wconf 83' lang='lat' dir='ltr'><strong>despicias,</strong></span> <span class='ocrx_word' id='word_1_193' title='bbox 577 2251 659 2310; x_wconf 86' lang='lat' dir='ltr'><strong>putes</strong></span> <span class='ocrx_word' id='word_1_194' title='bbox 670 2251 699 2296; x_wconf 89' lang='lat' dir='ltr'><strong>te</strong></span> <span class='ocrx_word' id='word_1_195' title='bbox 709 2257 869 2297; x_wconf 84' lang='lat' dir='ltr'><strong>muscarum</strong></span> 
     </span>
    </p>

    <p class='ocr_par' dir='ltr' id='par_1_16' title="bbox 9 2309 871 2447">
     <span class='ocr_line' id='line_1_30' title="bbox 9 2309 871 2372; baseline -0.001 -7"><span class='ocrx_word' id='word_1_196' title='bbox 9 2319 11 2344; x_wconf 65' lang='lat' dir='ltr'><strong>l</strong></span> <span class='ocrx_word' id='word_1_197' title='bbox 58 2318 109 2366; x_wconf 87' lang='lat' dir='ltr'><strong>aut</strong></span> <span class='ocrx_word' id='word_1_198' title='bbox 118 2309 238 2363; x_wconf 88' lang='lat' dir='ltr'><strong>culicum</strong></span> <span class='ocrx_word' id='word_1_199' title='bbox 248 2309 342 2363; x_wconf 84' lang='lat' dir='ltr'><strong>videre</strong></span> <span class='ocrx_word' id='word_1_200' title='bbox 353 2312 462 2364; x_wconf 89' lang='lat' dir='ltr'><strong>turbam</strong></span> <span class='ocrx_word' id='word_1_201' title='bbox 483 2312 560 2366; x_wconf 89' lang='lat' dir='ltr'><strong>inter</strong></span> <span class='ocrx_word' id='word_1_202' title='bbox 575 2328 605 2364; x_wconf 86' lang='lat' dir='ltr'><strong>se</strong></span> <span class='ocrx_word' id='word_1_203' title='bbox 624 2313 786 2372; x_wconf 85' lang='lat' dir='ltr'><strong>rixantium,</strong></span> <span class='ocrx_word' id='word_1_204' title='bbox 808 2311 871 2366; x_wconf 89' lang='lat' dir='ltr'><strong>bol-</strong></span> 
     </span>
     <span class='ocr_line' id='line_1_31' title="bbox 57 2381 868 2447; baseline 0 -13"><span class='ocrx_word' id='word_1_205' title='bbox 57 2381 186 2443; x_wconf 88' lang='lat' dir='ltr'><strong>lantium,</strong></span> <span class='ocrx_word' id='word_1_206' title='bbox 198 2381 401 2444; x_wconf 82' lang='lat' dir='ltr'><strong>insidiantium,</strong></span> <span class='ocrx_word' id='word_1_207' title='bbox 410 2381 595 2447; x_wconf 80' lang='lat' dir='ltr'><strong>rapientium,</strong></span> <span class='ocrx_word' id='word_1_208' title='bbox 605 2381 767 2445; x_wconf 86' lang='lat' dir='ltr'><strong>ludentium,</strong></span> <span class='ocrx_word' id='word_1_209' title='bbox 784 2382 868 2434; x_wconf 86' lang='lat' dir='ltr'><strong>lasci-</strong></span> 
     </span>
    </p>

    <p class='ocr_par' dir='ltr' id='par_1_17' title="bbox 9 2445 922 2589">
     <span class='ocr_line' id='line_1_32' title="bbox 9 2445 881 2520; baseline 0.002 -18"><span class='ocrx_word' id='word_1_210' title='bbox 9 2445 10 2464; x_wconf 61' lang='lat'><em>*</em></span> <span class='ocrx_word' id='word_1_211' title='bbox 57 2452 204 2512; x_wconf 68' lang='lat' dir='ltr'><strong>aientium,</strong></span> <span class='ocrx_word' id='word_1_212' title='bbox 214 2452 395 2514; x_wconf 87' lang='lat' dir='ltr'><strong>nasccntium,</strong></span> <span class='ocrx_word' id='word_1_213' title='bbox 404 2451 881 2520; x_wconf 60' lang='lat' dir='ltr'><strong>cadentiummoriontium.Nequ&#39;o1</strong></span> 
     </span>
     <span class='ocr_line' id='line_1_33' title="bbox 59 2519 922 2589; baseline 0.001 -16"><span class='ocrx_word' id='word_1_214' title='bbox 59 2520 130 2574; x_wconf 85' lang='lat' dir='ltr'><strong>satia</strong></span> <span class='ocrx_word' id='word_1_215' title='bbox 141 2519 216 2572; x_wconf 87' lang='lat' dir='ltr'><strong>credi</strong></span> <span class='ocrx_word' id='word_1_216' title='bbox 228 2526 336 2586; x_wconf 86' lang='lat' dir='ltr'><strong>potest,</strong></span> <span class='ocrx_word' id='word_1_217' title='bbox 358 2535 426 2588; x_wconf 88' lang='lat' dir='ltr'><strong>quos</strong></span> <span class='ocrx_word' id='word_1_218' title='bbox 437 2525 537 2582; x_wconf 88' lang='lat' dir='ltr'><strong>motus,</strong></span> <span class='ocrx_word' id='word_1_219' title='bbox 558 2525 626 2586; x_wconf 84' lang='lat' dir='ltr'><strong>quas</strong></span> <span class='ocrx_word' id='word_1_220' title='bbox 637 2520 799 2589; x_wconf 80' lang='lat' dir='ltr'><strong>tragoedias</strong></span> <span class='ocrx_word' id='word_1_221' title='bbox 811 2521 870 2574; x_wconf 84' lang='lat' dir='ltr'><strong>ciat</strong></span> <span class='ocrx_word' id='word_1_222' title='bbox 921 2531 922 2536; x_wconf 77' lang='grc'>’</span> 
     </span>
    </p>

    <p class='ocr_par' dir='ltr' id='par_1_18' title="bbox 28 2589 946 2729">
     <span class='ocr_line' id='line_1_34' title="bbox 28 2589 869 2656; baseline -0.002 -14"><span class='ocrx_word' id='word_1_223' title='bbox 28 2611 32 2622; x_wconf 61' lang='grc'><em>’</em></span> <span class='ocrx_word' id='word_1_224' title='bbox 59 2590 203 2651; x_wconf 77' lang='lat' dir='ltr'><strong>tantulum</strong></span> <span class='ocrx_word' id='word_1_225' title='bbox 210 2589 417 2652; x_wconf 88' lang='lat' dir='ltr'><strong>animalculum,</strong></span> <span class='ocrx_word' id='word_1_226' title='bbox 427 2595 540 2656; x_wconf 87' lang='lat' dir='ltr'><strong>tamque</strong></span> <span class='ocrx_word' id='word_1_227' title='bbox 551 2590 784 2656; x_wconf 87' lang='lat' dir='ltr'><strong>moxpcrlturum.</strong></span> <span class='ocrx_word' id='word_1_228' title='bbox 795 2589 869 2644; x_wconf 82' lang='lat' dir='ltr'><strong>Num</strong></span> 
     </span>
     <span class='ocr_line' id='line_1_35' title="bbox 60 2659 946 2729; baseline 0 -15"><span class='ocrx_word' id='word_1_229' title='bbox 60 2659 214 2726; x_wconf 83' lang='lat' dir='ltr'><strong>aliquoties</strong></span> <span class='ocrx_word' id='word_1_230' title='bbox 233 2660 279 2711; x_wconf 83' lang='lat' dir='ltr'><strong>vel</strong></span> <span class='ocrx_word' id='word_1_231' title='bbox 300 2660 369 2713; x_wconf 84' lang='lat' dir='ltr'><strong>levis</strong></span> <span class='ocrx_word' id='word_1_232' title='bbox 378 2659 455 2721; x_wconf 87' lang='lat' dir='ltr'><strong>belli,</strong></span> <span class='ocrx_word' id='word_1_233' title='bbox 477 2674 526 2712; x_wconf 87' lang='lat' dir='ltr'><strong>seu</strong></span> <span class='ocrx_word' id='word_1_234' title='bbox 548 2659 727 2726; x_wconf 87' lang='lat' dir='ltr'><strong>pestilentiae</strong></span> <span class='ocrx_word' id='word_1_235' title='bbox 745 2661 874 2729; x_wconf 66' lang='lat' dir='ltr'><strong>procella,</strong></span> <span class='ocrx_word' id='word_1_236' title='bbox 941 2681 946 2696; x_wconf 83' lang='lat'><strong>·</strong></span> 
     </span>
    </p>

    <p class='ocr_par' dir='ltr' id='par_1_19' title="bbox 9 2729 607 2797">
     <span class='ocr_line' id='line_1_36' title="bbox 9 2729 607 2797; baseline -0.003 -14"><span class='ocrx_word' id='word_1_237' title='bbox 9 2735 10 2744; x_wconf 77' lang='grc'>’</span> <span class='ocrx_word' id='word_1_238' title='bbox 60 2730 153 2783; x_wconf 84' lang='lat' dir='ltr'><strong>multa</strong></span> <span class='ocrx_word' id='word_1_239' title='bbox 162 2729 244 2781; x_wconf 87' lang='lat' dir='ltr'><strong>simul</strong></span> <span class='ocrx_word' id='word_1_240' title='bbox 256 2730 344 2782; x_wconf 88' lang='lat' dir='ltr'><strong>millia</strong></span> <span class='ocrx_word' id='word_1_241' title='bbox 355 2729 428 2796; x_wconf 74' lang='lat' dir='ltr'><strong>tapit</strong></span> <span class='ocrx_word' id='word_1_242' title='bbox 439 2745 471 2780; x_wconf 85' lang='lat' dir='ltr'><strong>ac</strong></span> <span class='ocrx_word' id='word_1_243' title='bbox 480 2730 607 2797; x_wconf 87' lang='lat' dir='ltr'><strong>dissipat.</strong></span> 
     </span>
    </p>
   </div>
   <div class='ocr_carea' id='block_1_2' title="bbox 92 2810 811 2871">
    <p class='ocr_par' dir='ltr' id='par_1_20' title="bbox 92 2810 811 2871">
     <span class='ocr_line' id='line_1_37' title="bbox 92 2810 811 2871; baseline 0.008 -16"><span class='ocrx_word' id='word_1_244' title='bbox 92 2819 113 2862; x_wconf 75' lang='lat'><strong>⁹)</strong></span> <span class='ocrx_word' id='word_1_245' title='bbox 126 2813 150 2856; x_wconf 86' lang='lat' dir='ltr'><strong>in</strong></span> <span class='ocrx_word' id='word_1_246' title='bbox 160 2814 248 2868; x_wconf 75' lang='lat' dir='ltr'><strong>dialogo</strong></span> <span class='ocrx_word' id='word_1_247' title='bbox 259 2811 431 2871; x_wconf 81' lang='lat' dir='ltr'><strong>iouromsuippe</strong></span> <span class='ocrx_word' id='word_1_248' title='bbox 448 2825 491 2860; x_wconf 84' lang='lat' dir='ltr'><strong>teu</strong></span> <span class='ocrx_word' id='word_1_249' title='bbox 498 2810 675 2871; x_wconf 77' lang='lat' dir='ltr'><strong>Hyperucplelo</strong></span> <span class='ocrx_word' id='word_1_250' title='bbox 687 2811 811 2861; x_wconf 70' lang='lat' dir='ltr'><strong>Liuinei.</strong></span> 
     </span>
    </p>
   </div>
   <div class='ocr_carea' id='block_1_3' title="bbox 10 2873 659 2930">
    <p class='ocr_par' dir='ltr' id='par_1_21' title="bbox 10 2873 659 2930">
     <span class='ocr_line' id='line_1_38' title="bbox 10 2873 659 2930; baseline -0.008 0"><span class='ocrx_word' id='word_1_251' title='bbox 10 2915 11 2930; x_wconf 40' lang='lat' dir='ltr'><strong>r</strong></span> <span class='ocrx_word' id='word_1_252' title='bbox 99 2873 189 2927; x_wconf 81' lang='lat' dir='ltr'><strong>Eaus.</strong></span> <span class='ocrx_word' id='word_1_253' title='bbox 202 2873 289 2926; x_wconf 74' lang='lat' dir='ltr'><strong>Coei.</strong></span> <span class='ocrx_word' id='word_1_254' title='bbox 301 2875 334 2926; x_wconf 88' lang='lat' dir='ltr'><strong>T.</strong></span> <span class='ocrx_word' id='word_1_255' title='bbox 342 2874 375 2926; x_wconf 95' lang='lat' dir='ltr'><strong>ll.</strong></span> <span class='ocrx_word' id='word_1_256' title='bbox 636 2873 659 2925; x_wconf 80' lang='lat' dir='ltr'>Z</span> 
     </span>
    </p>
   </div>
   <div class='ocr_carea' id='block_1_4' title="bbox 10 2937 18 3215">
    <p class='ocr_par' dir='ltr' id='par_1_22' title="bbox 10 2937 18 3215">
     <span class='ocr_line' id='line_1_39' title="bbox 10 2937 18 3215; baseline 0 0"><span class='ocrx_word' id='word_1_257' title='bbox 10 2937 18 3215; x_wconf 80' lang='lat' dir='ltr'><strong>l</strong></span> 
     </span>
    </p>
   </div>
   <div class='ocr_carea' id='block_1_5' title="bbox 0 0 1102 3238">
    <p class='ocr_par' dir='ltr' id='par_1_23' title="bbox 0 0 1102 3238">
     <span class='ocr_line' id='line_1_40' title="bbox 0 0 1102 3238; baseline 0 0"><span class='ocrx_word' id='word_1_258' title='bbox 0 0 1102 3238; x_wconf 95' lang='lat' dir='ltr'><strong> </strong></span> 
     </span>
    </p>
   </div>
  </div>
 </body>
</html>
