2186 3258
319 195 330 219 x
372 154 655 266 unicornui,
697 197 703 208 ι
864 151 918 236 air

120 283 214 336 omnia
224 279 278 336 illc
286 281 365 336 sedet
374 267 473 344 tristis,
492 283 635 350 suspirans
647 287 675 335 et
686 283 794 346 anxius,
813 259 863 338 nec
873 283 916 338 hi-

119 352 342 415 larescensriuu‚
364 367 414 404 nec
426 353 564 420 attingens
582 351 717 419 apposita,
752 368 793 406 se.
805 354 918 419 Quidni
1010 373 1016 382 ’

121 420 242 472 caussae
277 436 327 472 nu.
339 421 478 484 Quoniam
494 437 578 489 cupra
590 427 672 488 caput
683 423 870 492 accumbentis
882 424 918 478 tle
998 445 1000 458 ·

124 491 182 558 pilo
194 489 297 556 pendet
314 491 412 559 ingens
430 486 550 552 isaurum,x
562 492 617 542 iarn
631 493 687 542 iani
700 506 802 542 casuro
814 493 916 546 simile.

124 573 166 610 se.
176 559 237 626 Ego
252 575 297 612 nne
309 575 326 611 a
340 560 392 611 tali
409 575 504 612 mensa
519 558 711 629 subducerem.
749 573 798 610 nu.
812 560 866 613 Sed
877 561 921 614 illi

123 634 216 680 votum
227 625 340 681 transiit
354 629 382 678 in
395 631 605 690 necessitatene
624 642 712 700 neque
730 629 801 679 enim
813 629 920 696 iupiter

122 701 179 748 tana
190 699 338 765 placabilis
348 705 398 760 cst,
410 712 491 764 quarn
503 705 598 749 noster
608 697 695 760 Deus,
706 697 754 764 qui
765 699 920 764 perniciosa
1000 735 1009 748 ,

123 773 190 818 vota
201 768 361 819 mortalium
373 767 514 829 rescindit,
527 769 550 817 si
563 768 645 818 modo
656 767 810 834 poeniteat,
830 768 920 830 Quaa-

125 851 207 902 quasn
218 843 246 888 et
258 836 370 912 alioqui,
381 848 416 888 ne
427 852 456 889 se
463 837 598 896 Tantalus
604 836 748 898 subducat,
758 841 834 887 vetat
843 837 918 888 idern

124 899 210 970 lapis',
231 906 279 972 qui
294 904 423 971 prohibet
439 907 522 959 vescia
558 906 662 958 Metuit
677 905 764 968 eninr,
786 919 835 968 no,
855 905 922 968 sino⁴

123 979 319 1037 commoverit,
339 975 417 1030 illico
427 976 488 1026 saxi
500 975 579 1026 ruina
589 973 768 1040 conteratur(
794 987 834 1024 su.
846 973 920 1036 ilidi-v

123 1042 215 1095 culam
226 1041 358 1096 tabularii.
394 1057 444 1095 sau.
453 1045 489 1095 At
499 1057 570 1094 nunc
581 1039 657 1104 sudi,
669 1041 742 1109 quand
752 1056 807 1093 non
817 1041 919 1096 rideas.

124 1109 231 1180 Vulgus
239 1128 257 1164 a
267 1114 350 1164 rebus
360 1112 481 1164 externis
492 1113 563 1177 petit
572 1112 659 1162 vitam
669 1110 825 1174 iucundam,
838 1124 921 1183 quum

124 1179 186 1232 eant
198 1197 254 1233 non
270 1187 392 1248 praestet
406 1179 462 1230 nisi
476 1195 553 1235 mens
563 1194 676 1234 secura:
706 1197 769 1232 nam
782 1181 834 1232 sibi
846 1181 921 1244 malo

32 1301 34 1304 .
124 1250 244 1300 consciis
260 1265 359 1300 saxum
374 1249 462 1300 multo
478 1251 588 1316 gravius
602 1250 759 1316 impendet,
779 1265 861 1317 quam
872 1252 922 1302 im-

124 1317 227 1384 pendet
237 1318 368 1369 Tantalo.
403 1318 462 1371 lino
473 1332 527 1369 non
539 1318 689 1386 impendet,
701 1320 751 1372 sed
763 1325 844 1388 urget
853 1334 919 1398 prc-

115 1387 231 1452 finitque
249 1393 383 1438 montenis
412 1403 463 1439 nec
479 1388 553 1438 inani
568 1394 644 1442 netu
661 1389 846 1441 discruciatus
861 1389 919 1442 ani·

126 1469 201 1517 mur3
220 1454 307 1506 sedin
317 1454 441 1522 singulas
451 1456 534 1508 horat
546 1464 697 1524 exspectat,
713 1464 745 1509 ut
758 1458 921 1511 coniiciatur

125 1521 152 1574 in
163 1521 325 1590 gehennam.
361 1527 499 1587 Obsecro,
519 1527 584 1594 quid
601 1533 644 1580 est
658 1534 717 1579 tarn
732 1538 815 1594 suave
830 1528 858 1578 in
875 1541 919 1580 re·
961 1529 963 1534 '
1052 1539 1054 1548 ·

124 1591 176 1659 bus
187 1590 321 1656 humanis,
334 1595 408 1662 quod
420 1601 540 1648 mentem
555 1595 606 1648 tali
617 1611 685 1649 saxo
697 1610 818 1663 pressant
832 1596 920 1663 possit

125 1675 191 1713 uere
210 1659 385 1716 exhilararet
421 1664 559 1718 sr.Nullu
577 1665 704 1732 profecto
725 1680 779 1727 res,
801 1666 852 1716 uisi
871 1661 917 1718 *vel

125 1729 265 1784 dementia
281 1733 325 1784 cel
341 1733 544 1786 incredulitas.=
567 1749 616 1786 nu.
631 1735 710 1794 llaec
724 1738 747 1785 si
764 1733 915 1802 perpende·

125 1807 187 1852 rent
198 1801 399 1866 adolescentes,
413 1804 470 1870 qui,
484 1797 672 1870 vuluptatibus
683 1819 734 1856 ceu
745 1805 845 1870 poculo
855 1805 917 1856 Cir·

88 1923 91 1933 A
125 1885 174 1920 ceo
186 1871 344 1933 deurentati,
364 1885 488 1938 provere
499 1872 625 1924 iucundis
636 1873 838 1940 anmlectuntur
848 1873 916 1926 mel·

86 1936 91 1952 '
125 1939 176 1990 lita
187 1955 300 2004 relicua,
315 1947 418 2010 quanto
430 1941 523 1995 studio
535 1949 674 2004 caverent,
695 1943 805 2010 nequid
818 1959 866 2011 per
876 1944 919 1995 in·
1020 1955 1025 1962 “

124 2010 304 2076 cogitantium
316 2009 584 2076 admitterent‚quod
594 2014 622 2064 in
634 2013 834 2064 omnemvitam
846 2026 917 2063 mor·
971 2071 975 2086 x

124 2077 190 2130 dect
200 2079 338 2130 animant
373 2079 446 2143 Quid
458 2095 511 2138 non
524 2080 657 2145 iacerent,
678 2088 710 2132 ut
722 2081 774 2132 lsoc
785 2082 915 2138 uiaticum

123 2153 255 2216 pararent
266 2148 402 2201 senectuti
411 2156 558 2212 venturae,
576 2157 696 2204 mentem
706 2151 761 2202 sibi
771 2151 840 2202 bene
853 2164 916 2200 con·

123 2217 218 2280 sclam,
240 2217 268 2269 ‘et
283 2216 388 2269 lainam
407 2218 559 2272 null'u'labe
576 2218 809 2273 contantinatam‘l
844 2216 916 2278 Quid

123 2291 215 2338 auteur
227 2287 277 2338 illa
286 2293 428 2339 senectute
441 2288 580 2350 miserius,
601 2303 684 2362 quae,
706 2302 788 2354 quum
804 2284 918 2351 respicit
948 2293 949 2296 ’
1016 2351 1018 2357 ,

121 2359 150 2406 in
161 2361 387 2422 tergumsmagno
399 2371 460 2410 curn
473 2355 588 2408 horrore
596 2354 682 2417 uidet,
701 2370 780 2425 quarn
792 2356 917 2420 speciosa
935 2368 943 2385 “

117 2431 186 2476 sunt
197 2441 266 2492 quae
277 2426 416 2492 neglexit,
438 2439 517 2490 quarn
533 2423 615 2475 foeda
631 2423 840 2490 quaeamplexa
852 2423 913 2474 esti
958 2434 960 2440 ’
1038 2483 1042 2490 ¹

111 2507 236 2566 sagma,
258 2509 339 2560 quuni
352 2495 470 2546 afroute
487 2493 641 2560 prospicit,
664 2494 754 2544 cernit
768 2492 913 2544 imminere

120 2561 197 2628 diens,
212 2577 369 2629 supremum
383 2569 411 2615 et
429 2563 463 2612 ab
477 2559 531 2613 hoc
545 2561 671 2626 protinus
688 2565 801 2612 aeterna
812 2559 913 2628 gelren·

118 2647 172 2684 nae
188 2633 333 2698 supplicia.
370 2647 408 2684 sui
422 2630 612 2682 Felicissimos
630 2629 770 2693 arbitror,
791 2629 837 2696 qui
854 2631 911 2695 pri·

107 2715 193 2776 'muru
203 2706 326 2755 aetatem
337 2695 482 2754 sen-mut
493 2699 739 2752 incontaminatam
750 2733 760 2764 ,
779 2706 806 2752 et
818 2700 844 2751 iu
855 2694 911 2768 βο·
