2192 3270
240 201 290 305 ldo
441 245 628 303 concio
677 247 793 316 Sll'E

238 359 381 410 auersatus
400 363 441 402 me
457 347 601 406 Dominus.
645 365 691 405 ne.
715 351 796 406 llaec
810 352 836 404 si
851 365 920 406 vera
934 359 999 406 sunt
1016 367 1048 406 aa

261 423 353 476 lutatis
371 421 468 488 plena,
490 422 559 490 quid
570 426 613 474 est
624 421 698 490 quod
711 421 853 474 obrudant
864 422 982 492 onagri!
1006 439 1047 476 ιιι.

239 439 362 548 {atinae
380 491 458 543 ironis
476 490 639 560 ignorantia
657 490 793 557 perithos
804 492 951 544 mimultus.
988 491 1047 544 Hu-

239 562 343 618 militae
362 560 438 628 apud
456 567 567 615 veteres
586 560 759 614 emendatius
774 559 923 628 loquentes
934 575 991 613 non
1002 563 1048 615 de·

240 633 332 686 elarat
341 633 475 683 virtutem
487 630 582 694 animi,
602 645 673 697 quae
685 635 790 698 pugnat
801 645 863 681 curn
875 633 1049 699 arrogantia,

240 702 399 769 diciturque
418 701 579 770 modestia,
602 700 652 752 sed
672 700 845 752 conditionis
867 701 1050 754 abiectiorem

239 778 360 826 sortem:
372 785 427 840 quo
435 786 520 824 sensu
530 769 678 838 ignobiles,
690 777 799 833 tenues,
816 769 929 833 idiotas,
940 777 969 824 et
981 785 1047 824 con-

239 847 364 909 temptos
391 840 512 910 humiles
535 841 668 904 dicimus,
698 841 782 908 quasi
806 837 882 890 humi
905 847 1046 908 repentes.

239 909 482 970 Quemadmodum
490 909 1058 979 igiturmagnatibosloquentesdieimu,¹
1081 929 1085 934 ·

231 981 319 1052 Rogo
329 991 361 1034 ut
373 991 422 1035 tua
433 981 560 1035 celsitudo
570 981 645 1036 aulis
657 979 711 1036 laos
722 981 752 1034 in
763 997 792 1033 re
798 981 914 1053 saeeut:
940 980 984 1034 ita
1000 981 1049 1050 qui

243 1052 279 1104 de
299 1067 330 1104 se
349 1051 496 1120 loquentes
512 1067 563 1105 sua
578 1051 678 1104 volunt
693 1051 812 1114 elevare,
833 1047 926 1121 dicere
945 1051 1049 1113 solent,

239 1121 349 1188 Quaeso
367 1131 399 1174 ut
414 1121 596 1176 humilitatem
608 1129 730 1176 nostram
746 1131 796 1175 tua
805 1119 978 1174 humanitate
989 1119 1050 1174 sub·

236 1193 320 1246 ieaee.
355 1191 427 1245 Nam
439 1193 639 1260 ,pronominum
654 1189 1049 1260 primogenioromemphasis
1073 1185 1080 1198 “

237 1259 382 1320 interdum
397 1261 482 1315 habet
498 1265 592 1317 neseio
607 1263 675 1331 quid
686 1276 830 1330 arrogans.
867 1261 949 1324 Quod
959 1277 1049 1330 genus

239 1337 285 1384 est
296 1331 373 1396 illud,
393 1332 457 1402 Ego
468 1334 536 1397 dica,
556 1351 607 1404 ego
614 1332 766 1404 perficiam.
802 1332 940 1385 Biiariam
951 1333 1049 1401 itaqua

237 1402 335 1524 suella
350 1401 560 1456 modestissima
574 1404 658 1456 simul
673 1409 702 1456 et
711 1419 792 1456 suam
802 1413 904 1456 sortem
914 1408 1049 1456 extenua-

257 1472 291 1536 it,
312 1477 339 1525 et
348 1473 468 1532 numinis
478 1473 506 1525 in
517 1489 546 1527 se
557 1474 775 1527 munificentiam
786 1474 901 1538 extulit,
916 1489 974 1528 non
986 1487 1050 1525 con·

237 1543 322 1596 lenta·
331 1557 361 1595 se
374 1543 462 1610 ip‘sam
472 1545 600 1598 ancillam
612 1541 714 1608 didere,
723 1546 774 1598 sed
787 1543 903 1608 addidit,
920 1542 1050 1596 humilem

238 1611 388 1675 ancillam,
399 1619 428 1664 et
438 1614 549 1668 intimae
560 1615 661 1669 sorau
692 1613 944 1678 Quemadmodum,
965 1613 1050 1666 iuxta

222 1744 225 1748 ¹
236 1683 425 1756 proverbium,
437 1699 533 1738 servus
544 1694 611 1754 prae
621 1699 704 1739 servo
715 1691 759 1739 est
769 1685 808 1750 *),
823 1686 864 1738 ita
875 1691 905 1738 et
914 1685 989 1737 inter
1001 1699 1051 1735 an·

236 1750 320 1802 uillas
330 1751 441 1804 aliaest
454 1755 511 1808 alia
523 1758 722 1823 praestantior,
742 1755 873 1807 nimirum
892 1769 944 1824 pro
956 1753 1049 1824 digni·

237 1817 470 1884 tatesunctionis.
507 1826 667 1880 Honestior
677 1827 751 1879 enirn
761 1827 901 1893 comptrix
911 1840 994 1894 quam
1006 1824 1049 1878 lo·

236 1887 304 1942 trix.
316 1904 361 1942 un.
371 1892 747 1950 tltmirorMerdardamnon
754 1897 901 1965 agnovisse
908 1896 1049 1949 sermonis

236 1957 374 2042 formam,
394 1977 478 2030 quum
494 1966 552 2034 ipse
561 1967 724 2036 frequenter
734 1967 871 2020 audierim
883 1966 1049 2020 Francisca·

236 2041 289 2082 mos
299 2036 341 2082 rta
350 2030 511 2101 loquentes,
528 2035 594 2091 Mea
600 2037 729 2107 paruitas
740 2037 803 2108 agit
814 2037 866 2090 eidi
872 2037 986 2107 gratias
992 2052 1048 2105 pro

237 2099 317 2152 lauta
334 2100 505 2182 resectione·
529 2121 572 2164 ιιι.
593 2108 714 2173 Quidam
730 2124 784 2160 non
800 2107 1050 2161 multum-aberra·

236 2175 314 2232 rent,
328 2170 504 2236 ordinarent,
520 2191 584 2230 mea
593 2178 729 2247 pravitas.
768 2179 898 2232 Ceterum
911 2179 1050 2245 quoniam

235 2237 345 2292 Graeca
353 2254 417 2321 ‘vox
430 2244 655 2311 ταπεινοφροσύνῃ
671 2247 800 2314 quiddam
818 2249 937 2314 amplius
955 2247 1051 2315 expri-
1077 2231 1083 2264 ⁸

233 2319 312 2376 miore
333 2307 460 2374 videtur,
479 2325 562 2376 quarn
578 2311 696 2379 Latina,
717 2315 869 2379 modestia,
891 2315 1050 2371 Christiani

233 2379 394 2436 maluerunt
408 2378 590 2434 humilitatem
602 2382 696 2437 dicere
707 2400 790 2454 quam
801 2387 976 2440 uzodestiame
992 2387 1051 2441 lroa
1092 2351 1094 2438 l

234 2453 291 2510 est,
311 2447 471 2500 maluerunt
481 2449 772 2522 significantius'loqui
784 2470 866 2522 quam
877 2457 1049 2524 elegantius.

231 2515 373 2572 Modestus
383 2521 457 2571 enim
468 2520 492 2570 is
502 2520 615 2584 dieitur,
628 2523 675 2590 qui
687 2525 795 2578 modice
807 2524 883 2579 dase
894 2528 1051 2592 sentit,'ni·

232 2582 276 2667 hil
293 2587 350 2640 sihi
365 2594 478 2652 praeter
491 2589 624 2642 meritum
640 2609 782 2662 arrogans.
818 2597 855 2648 le
865 2613 1050 2664 ταπεινοφρο-

232 2667 310 2719 ,συνης
326 2655 387 2708 laus
399 2673 454 2712 non
467 2661 601 2728 competit
611 2661 666 2714 nisi
680 2664 710 2716 in
728 2680 806 2730 eum,
824 2667 872 2732 qui
883 2665 977 2718 minus
990 2666 1049 2717 sibi

224 2747 232 2756 ’
247 2749 312 2816 “t'i.
329 2761 349 2818 e.
363 2751 461 2796 interest
475 2754 538 2800 intur
552 2767 641 2803 serrum
654 2763 678 2805 et
691 2771 794 2812 servum
812 2761 964 2808 inter-servor
975 2765 1051 2809 etiam

230 2801 441 2859 drgnrtstrsgredus
451 2815 513 2856 sunt
528 2823 532 2829 ·
