2186 3258
176 157 261 236 ¹eos
504 153 714 212 concurs
787 155 806 226 ι,

164 308 171 314 ,
206 260 418 315 vosdsmuatis.
453 257 1010 382 llloxpueridcaa‘rogatumnpsslsul·

122 335 123 342 ’
205 333 285 384 liciat
299 329 432 383 ,confiteri
452 329 578 394 christo,
601 329 767 402 respondet,
782 329 863 382 ‘satis
897 335 1009 382 uturum

205 401 299 454 animo
310 413 375 460 suo,
392 399 419 450 ei
432 399 507 450 idem
518 400 608 460 visum
619 399 719 446 fuisset
733 398 871 450 ecclcsiae
886 397 1009 466 proceri.

203 465 275 524 tus:
283 469 327 522 Ex
338 468 392 519 hoc
402 465 594 528 ratiocinatur,
599 478 656 515 non
667 477 718 529 per
728 467 1010 532 srtcmdialeo‘ticsm,

203 538 255 592 aed
265 551 316 605 per
326 537 462 588 malitiam
472 533 713 604 sycophanticum:
725 547 769 585 me
778 531 1010 590 videlicetaucto-
1079 579 1081 592 .

203 622 357 668 ramesse,
375 601 667 664 haucconlesslonem‚
683 616 740 669 que
749 615 821 653 nunc
830 604 946 669 utimur,
955 619 1011 656 non

205 691 269 732 esse
278 677 439 728 institutam
451 690 468 725 ιι
479 672 591 725 Christo
598 708 607 736 ‚
623 670 674 724 sed
683 671 718 722 ab
728 671 867 725 ecclcsiae
878 673 1011 740 praesuli·

204 747 267 801 tus.
318 746 378 797 leta
400 743 530 796 collectio
557 746 654 809 posset
677 739 769 792 rideri
794 742 963 807 probabilis,
983 743 1012 795 si

206 815 334 870 Christus
359 828 416 865 non
442 818 516 866 esset
536 824 607 862 unus
634 825 650 862 e
676 809 841 877 primatibus
867 811 1013 882 ecclesiae,

207 900 293 968 puum
303 885 384 937 iuxta
393 883 471 936 Petri
490 881 595 934 dictum
609 880 646 931 sit
657 879 786 946 princeps
802 885 959 947 pastorum,
979 896 1015 935 sc

207 959 292 1010 auxta
302 969 398 1008 vocem
410 951 613 1020 evangelicam,
633 955 730 1017 pastor
743 951 842 1002 bonus.
878 951 955 1018 Ergo
966 949 1016 1017 qui

119 1035 127 1046 ·
206 1037 340 1092 proceres
351 1023 485 1076 ecclesiae
497 1021 582 1086 dicit,
598 1034 654 1071 non
665 1017 787 1071 oxcludit
798 1018 950 1082 christum,
963 1019 1016 1072 sed

208 1093 409 1160 complectitur
424 1099 453 1146 et
469 1092 548 1144 illum
561 1105 622 1144 cum
635 1089 771 1156 apostolis
782 1093 810 1142 et
820 1090 1014 1155 apostolorum

134 1207 140 1216 .
209 1159 1015 1230 successoribus,qucmsdmodumquipraecipuncorporis

206 1233 333 1286 membra
343 1232 468 1284 nominet
479 1268 487 1295 ‚
507 1245 563 1282 non
573 1229 698 1282 excludit
709 1234 800 1296 caput.
817 1231 821 1240 ’
837 1229 919 1292 Quod
930 1231 956 1281 si
967 1230 1016 1282 cui

198 1300 351 1354 'videbitur
369 1300 439 1357 haec
455 1298 669 1366 responsio'non
687 1312 782 1350 curere
800 1297 930 1366 stropho,
946 1313 1016 1368 ego,

209 1367 324 1433 demus,
351 1385 468 1438 puerum
488 1370 569 1421 illum
587 1368 715 1424 'sensisse
736 1364 771 1421 de
792 1368 870 1436 Puris
893 1367 1016 1420 homini·

145 1441 157 1468 ·‘
207 1437 277 1504 bus,
299 1440 436 1493 ccclesiae
457 1438 631 1506 proscribunt
649 1453 684 1492 an
705 1451 791 1504 puero
811 1453 866 1490 nou
881 1444 929 1490 est
941 1439 1014 1491 sutis

209 1508 287 1578 quod
305 1509 335 1560 iu
353 1509 510 1564 coufitendo
531 1508 659 1576 sequitur
674 1507 874 1560 auctoritatem
886 1508 1013 1575 illorum,

130 1627 134 1636 ,
209 1579 404 1632 etiamsinon
426 1577 527 1632 hebeat
551 1583 674 1642 certom‘,
696 1588 732 1630 an
754 1577 900 1644 pontifices
915 1585 1014 1646 potue-

207 1649 268 1702 rint
288 1645 341 1699 hoc
363 1650 511 1703 instituere
531 1647 566 1701 de
588 1663 659 1713 suo,
692 1661 727 1700 ou
747 1647 912 1702 tradiderint
933 1648 1015 1702 nobis

193 1731 247 1770 *ex
276 1717 456 1772 institutione
486 1717 609 1771 chrisiti
643 1733 726 1787 quum
752 1717 798 1770 illi
824 1719 865 1770 sit
892 1719 1016 1782 animus,

207 1798 323 1853 parere,
333 1801 498 1855 quocunque
509 1787 592 1840 modo
604 1779 780 1841 tradiderint.
815 1787 858 1842 Ne
870 1787 938 1841 mihi
957 1791 1016 1856 qui·

208 1853 274 1906 dem
291 1854 346 1920 ipsi
363 1857 433 1908 sotis
450 1856 542 1910 adhuc
558 1857 641 1926 plene
660 1862 783 1919 constat,
804 1857 878 1926 quod
894 1857 1015 1912 ecclesia

106 1939 113 1948 ·
138 1941 154 1956 2
211 1921 366 1986 definierit,
384 1923 455 1979 hanc
470 1927 687 1990 confessionem,
712 1933 744 1978 ut
758 1943 830 1979 nunc
845 1928 889 1990 fit,
903 1942 965 1981 esse
981 1941 1016 1982 ex

183 2038 189 2046 .
209 1991 389 2046 institutione
400 1993 510 2048 Christi.
558 1997 629 2050 Sunt
639 1997 712 2049 enim
724 1997 864 2063 permulta
872 2011 1016 2066 orgurmeu·

211 2065 255 2124 tu,
274 2061 345 2114 mihi
361 2063 472 2130 quidem
486 2066 666 2130 insolubilia,
685 2080 758 2138 quiae
774 2066 892 2118 suadent
907 2074 1017 2120 contra·

210 2130 294 2184 rium.
329 2133 366 2184 Et
377 2139 471 2187 tamen
482 2131 556 2188 hunc
565 2137 652 2189 enimi
660 2140 715 2189 mei
725 2151 834 2189 sensum
841 2136 943 2205 ubique
950 2137 1015 2192 sub-

213 2201 297 2254 mitto
307 2201 412 2255 iudicio
424 2203 573 2267 ecclesiae,
588 2206 709 2258 libenter
726 2212 908 2275 sequuturus,
928 2207 1016 2260 simul

152 2321 164 2338 ,
213 2276 298 2338 atque
310 2272 548 2340 certumvigiluns
565 2271 668 2324 claram
684 2272 761 2326 illius
776 2289 872 2328 vocem
887 2275 1016 2329 audiero.

169 2355 173 2376 ¹
213 2335 291 2414 lam,
313 2341 337 2392 si
349 2342 470 2394 maxime
487 2340 541 2392 boc
555 2341 738 2409 expressisset
753 2343 832 2394 bulla
846 2344 965 2409 Leonis,
986 2351 1018 2400 et

213 2408 314 2477 aliquis
324 2410 370 2462 rel
386 2411 520 2474 nesciret,
540 2411 584 2464 vel
599 2425 654 2462 noo
669 2411 854 2475 meminisset,
874 2416 1016 2468 sufficeret

211 2479 330 2531 interim
342 2479 464 2547 (opinor)
475 2480 528 2532 hac
539 2481 568 2531 in
579 2495 610 2533 re
623 2481 738 2549 obsequi
749 2482 913 2534 auctoritati
925 2485 1014 2538 cocle·

178 2547 184 2558 '
212 2548 282 2610 tiae,
294 2563 355 2599 cum
366 2551 458 2603 arilmo
470 2548 594 2617 parendi,
614 2549 637 2600 si
649 2557 679 2602 et
687 2550 759 2601 illud
770 2557 924 2606 constaret.
960 2552 1016 2608 Ne·

211 2629 266 2694 pus
276 2629 342 2668 vero
352 2625 428 2672 recte
439 2619 535 2687 colligi
550 2623 657 2686 potest,
673 2611 751 2672 Haec
771 2623 906 2694 consessio
927 2631 969 2676 cst
981 2639 1016 2677 ex

210 2683 386 2741 mtitations
396 2686 545 2758 dominun,
556 2703 683 2760 ergeuen
693 2687 924 2748 moerentum
936 2691 1017 2748 Uiri·
