<?xml version="1.0" encoding="UTF-8"?>
<!DOCTYPE html PUBLIC "-//W3C//DTD XHTML 1.0 Transitional//EN"
    "http://www.w3.org/TR/xhtml1/DTD/xhtml1-transitional.dtd">
<html xmlns="http://www.w3.org/1999/xhtml" xml:lang="en" lang="en">
 <head>
  <title>
</title>
<meta http-equiv="Content-Type" content="text/html;charset=utf-8" />
  <meta name='ocr-system' content='tesseract 3.04.00' />
  <meta name='ocr-capabilities' content='ocr_page ocr_carea ocr_par ocr_line ocrx_word'/>
</head>
<body>
  <div class='ocr_page' id='page_1' title='image "./desideriierasmi01erasgoog_0141.png"; bbox 0 0 2192 3270; ppageno 0'>
   <div class='ocr_carea' id='block_1_1' title="bbox 174 191 728 268">
    <p class='ocr_par' dir='ltr' id='par_1_1' title="bbox 174 191 728 268">
     <span class='ocr_line' id='line_1_1' title="bbox 174 191 728 268; baseline 0 -18"><span class='ocrx_word' id='word_1_1' title='bbox 174 193 225 250; x_wconf 79' lang='lat'>134</span> <span class='ocrx_word' id='word_1_2' title='bbox 402 191 728 268; x_wconf 79' lang='lat' dir='ltr'>&#39;sanarunus</span> 
     </span>
    </p>
   </div>
   <div class='ocr_carea' id='block_1_2' title="bbox 171 283 977 442">
    <p class='ocr_par' dir='ltr' id='par_1_2' title="bbox 171 283 977 442">
     <span class='ocr_line' id='line_1_2' title="bbox 172 283 977 370; baseline 0.004 -18"><span class='ocrx_word' id='word_1_3' title='bbox 172 307 201 352; x_wconf 88' lang='lat' dir='ltr'>et</span> <span class='ocrx_word' id='word_1_4' title='bbox 213 297 485 368; x_wconf 75' lang='lat' dir='ltr'>lormicnmmgenus</span> <span class='ocrx_word' id='word_1_5' title='bbox 491 313 556 353; x_wconf 85' lang='lat' dir='ltr'>suos</span> <span class='ocrx_word' id='word_1_6' title='bbox 563 283 737 370; x_wconf 75' lang='lat' dir='ltr'>congressus.</span> <span class='ocrx_word' id='word_1_7' title='bbox 757 297 841 364; x_wconf 81' lang='lat' dir='ltr'>Solae</span> <span class='ocrx_word' id='word_1_8' title='bbox 852 296 977 358; x_wconf 79' lang='lat' dir='ltr'>omniurn</span> 
     </span>
     <span class='ocr_line' id='line_1_3' title="bbox 171 369 975 442; baseline 0.007 -21"><span class='ocrx_word' id='word_1_9' title='bbox 171 369 354 422; x_wconf 85' lang='lat' dir='ltr'>animantium</span> <span class='ocrx_word' id='word_1_10' title='bbox 365 370 497 430; x_wconf 82' lang='lat' dir='ltr'>mulieres</span> <span class='ocrx_word' id='word_1_11' title='bbox 508 386 647 439; x_wconf 85' lang='lat' dir='ltr'>nunquam</span> <span class='ocrx_word' id='word_1_12' title='bbox 659 372 775 423; x_wconf 86' lang='lat' dir='ltr'>coimus.</span> <span class='ocrx_word' id='word_1_13' title='bbox 798 387 844 423; x_wconf 80' lang='lat' dir='ltr'>nn.</span> <span class='ocrx_word' id='word_1_14' title='bbox 855 369 975 442; x_wconf 75' lang='lat' dir='ltr'>Saepius</span> 
     </span>
    </p>
   </div>
   <div class='ocr_carea' id='block_1_3' title="bbox 48 434 1094 515">
    <p class='ocr_par' dir='ltr' id='par_1_3' title="bbox 48 434 1094 515">
     <span class='ocr_line' id='line_1_4' title="bbox 48 434 1094 515; baseline 0.008 -27"><span class='ocrx_word' id='word_1_15' title='bbox 48 451 58 464; x_wconf 52' lang='lat'><em>⁵</em></span> <span class='ocrx_word' id='word_1_16' title='bbox 156 439 359 515; x_wconf 41' lang='lat' dir='ltr'>&#39;quamdeoet</span> <span class='ocrx_word' id='word_1_17' title='bbox 380 434 974 510; x_wconf 64' lang='lat' dir='ltr'>oo.Nondum‘interloquenditempusest3</span> <span class='ocrx_word' id='word_1_18' title='bbox 1029 499 1033 502; x_wconf 59' lang='grc'>,</span> <span class='ocrx_word' id='word_1_19' title='bbox 1092 478 1094 484; x_wconf 88' lang='lat'>·</span> 
     </span>
    </p>
   </div>
   <div class='ocr_carea' id='block_1_4' title="bbox 99 509 983 1488">
    <p class='ocr_par' dir='ltr' id='par_1_4' title="bbox 99 509 983 1488">
     <span class='ocr_line' id='line_1_5' title="bbox 172 509 976 580; baseline 0.01 -20"><span class='ocrx_word' id='word_1_20' title='bbox 172 509 257 562; x_wconf 86' lang='lat' dir='ltr'>sinite</span> <span class='ocrx_word' id='word_1_21' title='bbox 268 524 313 563; x_wconf 89' lang='lat' dir='ltr'>me</span> <span class='ocrx_word' id='word_1_22' title='bbox 327 515 476 576; x_wconf 79' lang='lat' dir='ltr'>perorare3</span> <span class='ocrx_word' id='word_1_23' title='bbox 496 509 610 563; x_wconf 85' lang='lat' dir='ltr'>dabitur</span> <span class='ocrx_word' id='word_1_24' title='bbox 624 511 741 580; x_wconf 83' lang='lat' dir='ltr'>singulis</span> <span class='ocrx_word' id='word_1_25' title='bbox 758 511 871 564; x_wconf 86' lang='lat' dir='ltr'>dicendi</span> <span class='ocrx_word' id='word_1_26' title='bbox 885 510 976 568; x_wconf 84' lang='lat' dir='ltr'>locus.</span> 
     </span>
     <span class='ocr_line' id='line_1_6' title="bbox 124 579 976 648; baseline 0.005 -17"><span class='ocrx_word' id='word_1_27' title='bbox 124 616 126 621; x_wconf 33' lang='lat' dir='ltr'><strong>f</strong></span> <span class='ocrx_word' id='word_1_28' title='bbox 171 579 268 646; x_wconf 85' lang='lat' dir='ltr'>Neque</span> <span class='ocrx_word' id='word_1_29' title='bbox 286 594 387 632; x_wconf 85' lang='lat' dir='ltr'>norum</span> <span class='ocrx_word' id='word_1_30' title='bbox 404 586 448 632; x_wconf 86' lang='lat' dir='ltr'>est</span> <span class='ocrx_word' id='word_1_31' title='bbox 469 580 542 646; x_wconf 90' lang='lat' dir='ltr'>quod</span> <span class='ocrx_word' id='word_1_32' title='bbox 552 579 690 644; x_wconf 83' lang='lat' dir='ltr'>.iaoimus;</span> <span class='ocrx_word' id='word_1_33' title='bbox 717 585 798 632; x_wconf 82' lang='lat' dir='ltr'>retus</span> <span class='ocrx_word' id='word_1_34' title='bbox 817 581 976 648; x_wconf 79' lang='lat' dir='ltr'>exenrpium</span> 
     </span>
     <span class='ocr_line' id='line_1_7' title="bbox 171 648 977 720; baseline 0.006 -21"><span class='ocrx_word' id='word_1_35' title='bbox 171 661 343 712; x_wconf 64' lang='lat' dir='ltr'>tenerrimum</span> <span class='ocrx_word' id='word_1_36' title='bbox 365 649 502 716; x_wconf 75' lang='lat' dir='ltr'>siquidem</span> <span class='ocrx_word' id='word_1_37' title='bbox 514 656 579 702; x_wconf 87' lang='lat' dir='ltr'>ante</span> <span class='ocrx_word' id='word_1_38' title='bbox 591 666 679 703; x_wconf 88' lang='lat' dir='ltr'>annos</span> <span class='ocrx_word' id='word_1_39' title='bbox 691 648 768 702; x_wconf 88' lang='lat' dir='ltr'>mille</span> <span class='ocrx_word' id='word_1_40' title='bbox 780 655 929 720; x_wconf 83' lang='lat' dir='ltr'>trecentos,</span> <span class='ocrx_word' id='word_1_41' title='bbox 945 654 977 704; x_wconf 89' lang='lat' dir='ltr'>ni</span> 
     </span>
     <span class='ocr_line' id='line_1_8' title="bbox 171 715 976 787; baseline 0.009 -18"><span class='ocrx_word' id='word_1_42' title='bbox 171 715 268 781; x_wconf 75' lang='lat' dir='ltr'>failor,</span> <span class='ocrx_word' id='word_1_43' title='bbox 278 718 482 787; x_wconf 80' lang='lat' dir='ltr'>Heliogabalus</span> <span class='ocrx_word' id='word_1_44' title='bbox 490 719 812 773; x_wconf 82' lang='lat' dir='ltr'>Caesarlaudatissimus</span> <span class='ocrx_word' id='word_1_45' title='bbox 823 734 913 773; x_wconf 42' lang='lat' dir='ltr'>utra.</span> <span class='ocrx_word' id='word_1_46' title='bbox 920 721 976 784; x_wconf 75' lang='lat' dir='ltr'>Qui</span> 
     </span>
     <span class='ocr_line' id='line_1_9' title="bbox 169 788 975 858; baseline 0.006 -19"><span class='ocrx_word' id='word_1_47' title='bbox 169 788 392 853; x_wconf 80' lang='lat' dir='ltr'>laudatissimus,</span> <span class='ocrx_word' id='word_1_48' title='bbox 414 804 495 857; x_wconf 88' lang='lat' dir='ltr'>quem</span> <span class='ocrx_word' id='word_1_49' title='bbox 513 804 582 842; x_wconf 87' lang='lat' dir='ltr'>unco</span> <span class='ocrx_word' id='word_1_50' title='bbox 598 795 718 842; x_wconf 83' lang='lat' dir='ltr'>tractum</span> <span class='ocrx_word' id='word_1_51' title='bbox 734 789 763 840; x_wconf 91' lang='lat' dir='ltr'>in</span> <span class='ocrx_word' id='word_1_52' title='bbox 775 788 899 842; x_wconf 88' lang='lat' dir='ltr'>cloacam</span> <span class='ocrx_word' id='word_1_53' title='bbox 912 805 975 858; x_wconf 88' lang='lat' dir='ltr'>pro·</span> 
     </span>
     <span class='ocr_line' id='line_1_10' title="bbox 104 857 976 927; baseline 0.003 -16"><span class='ocrx_word' id='word_1_54' title='bbox 104 915 109 925; x_wconf 20' lang='lat' dir='ltr'>p</span> <span class='ocrx_word' id='word_1_55' title='bbox 169 857 273 911; x_wconf 84' lang='lat' dir='ltr'>iectum</span> <span class='ocrx_word' id='word_1_56' title='bbox 295 873 356 911; x_wconf 82' lang='lat' dir='ltr'>esse</span> <span class='ocrx_word' id='word_1_57' title='bbox 371 857 505 911; x_wconf 30' lang='lat' dir='ltr'>,constati</span> <span class='ocrx_word' id='word_1_58' title='bbox 539 873 584 912; x_wconf 79' lang='lat' dir='ltr'>oo.</span> <span class='ocrx_word' id='word_1_59' title='bbox 607 859 714 910; x_wconf 79' lang='lat' dir='ltr'>Rursus</span> <span class='ocrx_word' id='word_1_60' title='bbox 736 859 911 927; x_wconf 77' lang='lat' dir='ltr'>interpellas.</span> <span class='ocrx_word' id='word_1_61' title='bbox 942 860 976 914; x_wconf 83' lang='lat' dir='ltr'>Si</span> 
     </span>
     <span class='ocr_line' id='line_1_11' title="bbox 171 925 973 997; baseline 0.005 -17"><span class='ocrx_word' id='word_1_62' title='bbox 171 943 254 994; x_wconf 89' lang='lat' dir='ltr'>quem</span> <span class='ocrx_word' id='word_1_63' title='bbox 271 925 324 980; x_wconf 86' lang='lat' dir='ltr'>bac</span> <span class='ocrx_word' id='word_1_64' title='bbox 334 929 446 988; x_wconf 86' lang='lat' dir='ltr'>ratione</span> <span class='ocrx_word' id='word_1_65' title='bbox 460 929 610 996; x_wconf 77' lang='lat' dir='ltr'>probamus</span> <span class='ocrx_word' id='word_1_66' title='bbox 629 935 678 980; x_wconf 92' lang='lat' dir='ltr'>aut</span> <span class='ocrx_word' id='word_1_67' title='bbox 689 929 893 997; x_wconf 79' lang='lat' dir='ltr'>improbamus,</span> <span class='ocrx_word' id='word_1_68' title='bbox 912 943 973 984; x_wconf 84' lang='lat' dir='ltr'>ma·</span> 
     </span>
     <span class='ocr_line' id='line_1_12' title="bbox 170 997 975 1066; baseline 0 -16"><span class='ocrx_word' id='word_1_69' title='bbox 170 997 230 1050; x_wconf 89' lang='lat' dir='ltr'>lum</span> <span class='ocrx_word' id='word_1_70' title='bbox 242 997 365 1051; x_wconf 88' lang='lat' dir='ltr'>dicemus</span> <span class='ocrx_word' id='word_1_71' title='bbox 376 997 516 1050; x_wconf 77' lang='lat' dir='ltr'>christani</span> <span class='ocrx_word' id='word_1_72' title='bbox 526 1033 535 1062; x_wconf 93' lang='lat'><strong><em>‚</em></strong></span> <span class='ocrx_word' id='word_1_73' title='bbox 555 998 669 1066; x_wconf 79' lang='lat' dir='ltr'>quadiu</span> <span class='ocrx_word' id='word_1_74' title='bbox 680 1015 790 1052; x_wconf 90' lang='lat' dir='ltr'>crucem</span> <span class='ocrx_word' id='word_1_75' title='bbox 801 1002 917 1052; x_wconf 74' lang='lat' dir='ltr'>saffirus</span> <span class='ocrx_word' id='word_1_76' title='bbox 927 1000 975 1063; x_wconf 89' lang='lat' dir='ltr'>sit,</span> 
     </span>
     <span class='ocr_line' id='line_1_13' title="bbox 169 1065 976 1137; baseline 0.005 -19"><span class='ocrx_word' id='word_1_77' title='bbox 169 1069 247 1136; x_wconf 89' lang='lat' dir='ltr'>pium</span> <span class='ocrx_word' id='word_1_78' title='bbox 258 1065 422 1132; x_wconf 77' lang='lat' dir='ltr'>Domitium,</span> <span class='ocrx_word' id='word_1_79' title='bbox 434 1070 513 1135; x_wconf 85' lang='lat' dir='ltr'>quod</span> <span class='ocrx_word' id='word_1_80' title='bbox 521 1069 597 1121; x_wconf 89' lang='lat' dir='ltr'>domi</span> <span class='ocrx_word' id='word_1_81' title='bbox 606 1069 646 1120; x_wconf 83' lang='lat' dir='ltr'>sit</span> <span class='ocrx_word' id='word_1_82' title='bbox 656 1076 792 1122; x_wconf 81' lang='lat' dir='ltr'>mortuus.</span> <span class='ocrx_word' id='word_1_83' title='bbox 811 1070 895 1137; x_wconf 82' lang='lat' dir='ltr'>Atqui</span> <span class='ocrx_word' id='word_1_84' title='bbox 905 1067 976 1133; x_wconf 83' lang='lat' dir='ltr'>nihil</span> 
     </span>
     <span class='ocr_line' id='line_1_14' title="bbox 100 1125 975 1208; baseline 0.006 -22"><span class='ocrx_word' id='word_1_85' title='bbox 100 1183 103 1186; x_wconf 81' lang='grc'>.</span> <span class='ocrx_word' id='word_1_86' title='bbox 131 1165 134 1168; x_wconf 97' lang='grc'>-</span> <span class='ocrx_word' id='word_1_87' title='bbox 171 1137 304 1190; x_wconf 88' lang='lat' dir='ltr'>obiicitur</span> <span class='ocrx_word' id='word_1_88' title='bbox 313 1137 506 1206; x_wconf 79' lang='lat' dir='ltr'>Heliogabalo</span> <span class='ocrx_word' id='word_1_89' title='bbox 519 1139 643 1198; x_wconf 86' lang='lat' dir='ltr'>atrocius</span> <span class='ocrx_word' id='word_1_90' title='bbox 653 1175 661 1204; x_wconf 90' lang='lat'>,</span> <span class='ocrx_word' id='word_1_91' title='bbox 683 1155 765 1208; x_wconf 91' lang='lat' dir='ltr'>quam</span> <span class='ocrx_word' id='word_1_92' title='bbox 782 1125 856 1206; x_wconf 83' lang='lat' dir='ltr'>quod</span> <span class='ocrx_word' id='word_1_93' title='bbox 867 1153 975 1191; x_wconf 85' lang='lat' dir='ltr'>sacrum</span> 
     </span>
     <span class='ocr_line' id='line_1_15' title="bbox 172 1207 977 1278; baseline 0.001 -17"><span class='ocrx_word' id='word_1_94' title='bbox 172 1210 275 1276; x_wconf 81' lang='lat' dir='ltr'>ignem,</span> <span class='ocrx_word' id='word_1_95' title='bbox 297 1207 344 1278; x_wconf 92' lang='lat' dir='ltr'>qui</span> <span class='ocrx_word' id='word_1_96' title='bbox 355 1223 372 1258; x_wconf 88' lang='lat' dir='ltr'>a</span> <span class='ocrx_word' id='word_1_97' title='bbox 382 1209 544 1261; x_wconf 87' lang='lat' dir='ltr'>Vestalibus</span> <span class='ocrx_word' id='word_1_98' title='bbox 555 1211 727 1272; x_wconf 86' lang='lat' dir='ltr'>servabatur,</span> <span class='ocrx_word' id='word_1_99' title='bbox 747 1211 776 1261; x_wconf 90' lang='lat' dir='ltr'>in</span> <span class='ocrx_word' id='word_1_100' title='bbox 788 1216 891 1262; x_wconf 85' lang='lat' dir='ltr'>terram</span> <span class='ocrx_word' id='word_1_101' title='bbox 902 1211 977 1262; x_wconf 87' lang='lat' dir='ltr'>abie-</span> 
     </span>
     <span class='ocr_line' id='line_1_16' title="bbox 171 1276 976 1344; baseline 0.002 -14"><span class='ocrx_word' id='word_1_102' title='bbox 171 1278 255 1330; x_wconf 86' lang='lat' dir='ltr'>cerit:</span> <span class='ocrx_word' id='word_1_103' title='bbox 276 1276 406 1344; x_wconf 89' lang='lat' dir='ltr'>quodque</span> <span class='ocrx_word' id='word_1_104' title='bbox 421 1279 498 1330; x_wconf 88' lang='lat' dir='ltr'>domi</span> <span class='ocrx_word' id='word_1_105' title='bbox 513 1282 543 1330; x_wconf 91' lang='lat' dir='ltr'>in</span> <span class='ocrx_word' id='word_1_106' title='bbox 559 1280 665 1334; x_wconf 80' lang='lat' dir='ltr'>larario</span> <span class='ocrx_word' id='word_1_107' title='bbox 680 1278 924 1334; x_wconf 78' lang='lat' dir='ltr'>Mosenbabuerlt</span> <span class='ocrx_word' id='word_1_108' title='bbox 937 1285 976 1332; x_wconf 68' lang='lat' dir='ltr'>eet</span> 
     </span>
     <span class='ocr_line' id='line_1_17' title="bbox 99 1345 983 1414; baseline 0.005 -16"><span class='ocrx_word' id='word_1_109' title='bbox 99 1354 105 1364; x_wconf 75' lang='grc'><em>·</em></span> <span class='ocrx_word' id='word_1_110' title='bbox 165 1346 323 1410; x_wconf 69' lang='lat' dir='ltr'>christum,</span> <span class='ocrx_word' id='word_1_111' title='bbox 343 1362 423 1414; x_wconf 88' lang='lat' dir='ltr'>quem</span> <span class='ocrx_word' id='word_1_112' title='bbox 438 1348 479 1399; x_wconf 89' lang='lat' dir='ltr'>illi</span> <span class='ocrx_word' id='word_1_113' title='bbox 500 1350 687 1403; x_wconf 83' lang='lat' dir='ltr'>contumeliae</span> <span class='ocrx_word' id='word_1_114' title='bbox 705 1349 808 1404; x_wconf 84' lang='lat' dir='ltr'>caussa</span> <span class='ocrx_word' id='word_1_115' title='bbox 828 1345 983 1402; x_wconf 76' lang='lat' dir='ltr'>chrestum</span> 
     </span>
     <span class='ocr_line' id='line_1_18' title="bbox 163 1416 975 1488; baseline 0.001 -20"><span class='ocrx_word' id='word_1_116' title='bbox 163 1416 317 1470; x_wconf 72' lang='lat' dir='ltr'>vocabant.</span> <span class='ocrx_word' id='word_1_117' title='bbox 338 1419 365 1472; x_wconf 87' lang='lat' dir='ltr'>ls</span> <span class='ocrx_word' id='word_1_118' title='bbox 375 1417 818 1488; x_wconf 81' lang='lat' dir='ltr'>igiturlleliogabaiusinstituit,</span> <span class='ocrx_word' id='word_1_119' title='bbox 832 1425 872 1482; x_wconf 92' lang='lat' dir='ltr'>ut,</span> <span class='ocrx_word' id='word_1_120' title='bbox 879 1433 975 1486; x_wconf 88' lang='lat' dir='ltr'>quem-</span> 
     </span>
    </p>
   </div>
   <div class='ocr_carea' id='block_1_5' title="bbox 82 1483 993 1556">
    <p class='ocr_par' dir='ltr' id='par_1_5' title="bbox 82 1483 993 1556">
     <span class='ocr_line' id='line_1_19' title="bbox 82 1483 993 1556; baseline 0 -16"><span class='ocrx_word' id='word_1_121' title='bbox 82 1551 83 1556; x_wconf 7' lang='grc' dir='ltr'>ἵ</span> <span class='ocrx_word' id='word_1_122' title='bbox 133 1537 135 1541; x_wconf 80' lang='grc'>,</span> <span class='ocrx_word' id='word_1_123' title='bbox 170 1485 321 1540; x_wconf 86' lang='lat' dir='ltr'>admodum</span> <span class='ocrx_word' id='word_1_124' title='bbox 337 1487 491 1556; x_wconf 84' lang='lat' dir='ltr'>imperator</span> <span class='ocrx_word' id='word_1_125' title='bbox 505 1505 566 1542; x_wconf 87' lang='lat' dir='ltr'>oum</span> <span class='ocrx_word' id='word_1_126' title='bbox 581 1488 772 1544; x_wconf 82' lang='lat' dir='ltr'>suisbabebat</span> <span class='ocrx_word' id='word_1_127' title='bbox 787 1496 923 1550; x_wconf 85' lang='lat' dir='ltr'>senatum,</span> <span class='ocrx_word' id='word_1_128' title='bbox 944 1483 993 1540; x_wconf 90' lang='lat' dir='ltr'>ia&#39;</span> 
     </span>
    </p>
   </div>
   <div class='ocr_carea' id='block_1_6' title="bbox 105 1556 1022 2810">
    <p class='ocr_par' dir='ltr' id='par_1_6' title="bbox 105 1556 1022 2810">
     <span class='ocr_line' id='line_1_20' title="bbox 169 1556 977 1625; baseline -0.001 -16"><span class='ocrx_word' id='word_1_129' title='bbox 169 1556 270 1625; x_wconf 90' lang='lat' dir='ltr'>quode</span> <span class='ocrx_word' id='word_1_130' title='bbox 285 1558 368 1610; x_wconf 89' lang='lat' dir='ltr'>rebus</span> <span class='ocrx_word' id='word_1_131' title='bbox 383 1560 576 1612; x_wconf 88' lang='lat' dir='ltr'>communibus</span> <span class='ocrx_word' id='word_1_132' title='bbox 596 1558 780 1622; x_wconf 85' lang='lat' dir='ltr'>consultaret,</span> <span class='ocrx_word' id='word_1_133' title='bbox 801 1561 843 1612; x_wconf 88' lang='lat' dir='ltr'>ita</span> <span class='ocrx_word' id='word_1_134' title='bbox 859 1557 977 1618; x_wconf 82' lang='lat' dir='ltr'>baberet</span> 
     </span>
     <span class='ocr_line' id='line_1_21' title="bbox 169 1625 977 1696; baseline 0 -16"><span class='ocrx_word' id='word_1_135' title='bbox 169 1633 200 1680; x_wconf 85' lang='lat' dir='ltr'>et</span> <span class='ocrx_word' id='word_1_136' title='bbox 220 1632 311 1680; x_wconf 85' lang='lat' dir='ltr'>mater</span> <span class='ocrx_word' id='word_1_137' title='bbox 328 1628 406 1680; x_wconf 89' lang='lat' dir='ltr'>iilius</span> <span class='ocrx_word' id='word_1_138' title='bbox 417 1629 543 1696; x_wconf 81' lang='lat' dir='ltr'>Augusta</span> <span class='ocrx_word' id='word_1_139' title='bbox 562 1636 688 1684; x_wconf 83' lang='lat' dir='ltr'>senatum</span> <span class='ocrx_word' id='word_1_140' title='bbox 705 1643 794 1691; x_wconf 88' lang='lat' dir='ltr'>suum,</span> <span class='ocrx_word' id='word_1_141' title='bbox 808 1629 846 1682; x_wconf 35' lang='lat' dir='ltr'>,in</span> <span class='ocrx_word' id='word_1_142' title='bbox 865 1641 922 1696; x_wconf 82' lang='lat' dir='ltr'>quo</span> <span class='ocrx_word' id='word_1_143' title='bbox 941 1625 977 1680; x_wconf 79' lang='lat' dir='ltr'>de</span> 
     </span>
     <span class='ocr_line' id='line_1_22' title="bbox 105 1695 977 1766; baseline -0.001 -18"><span class='ocrx_word' id='word_1_144' title='bbox 105 1697 110 1704; x_wconf 86' lang='grc'><strong>”</strong></span> <span class='ocrx_word' id='word_1_145' title='bbox 168 1695 328 1750; x_wconf 73' lang='lat' dir='ltr'>foemineae</span> <span class='ocrx_word' id='word_1_146' title='bbox 348 1699 441 1764; x_wconf 86' lang='lat' dir='ltr'>gentis</span> <span class='ocrx_word' id='word_1_147' title='bbox 463 1699 587 1766; x_wconf 83' lang='lat' dir='ltr'>negotiis</span> <span class='ocrx_word' id='word_1_148' title='bbox 609 1701 792 1762; x_wconf 67' lang='lat' dir='ltr'>tractaretur</span> <span class='ocrx_word' id='word_1_149' title='bbox 819 1713 900 1765; x_wconf 90' lang='lat' dir='ltr'>quem</span> <span class='ocrx_word' id='word_1_150' title='bbox 917 1695 977 1748; x_wconf 76' lang='lat' dir='ltr'>siri</span> 
     </span>
     <span class='ocr_line' id='line_1_23' title="bbox 127 1765 977 1838; baseline 0.001 -21"><span class='ocrx_word' id='word_1_151' title='bbox 127 1783 134 1789; x_wconf 92' lang='lat'><em>·</em></span> <span class='ocrx_word' id='word_1_152' title='bbox 168 1765 338 1818; x_wconf 66' lang='lat' dir='ltr'>collocandi</span> <span class='ocrx_word' id='word_1_153' title='bbox 351 1767 397 1819; x_wconf 82' lang='lat' dir='ltr'>rel</span> <span class='ocrx_word' id='word_1_154' title='bbox 413 1767 590 1830; x_wconf 83' lang='lat' dir='ltr'>discernendi</span> <span class='ocrx_word' id='word_1_155' title='bbox 607 1769 701 1838; x_wconf 87' lang='lat' dir='ltr'>gratia</span> <span class='ocrx_word' id='word_1_156' title='bbox 713 1767 876 1821; x_wconf 80' lang='lat' dir='ltr'>Senatulum</span> <span class='ocrx_word' id='word_1_157' title='bbox 891 1781 977 1819; x_wconf 85' lang='lat' dir='ltr'>roca·</span> 
     </span>
     <span class='ocr_line' id='line_1_24' title="bbox 167 1831 976 1906; baseline 0 -18"><span class='ocrx_word' id='word_1_158' title='bbox 167 1831 246 1888; x_wconf 88' lang='lat' dir='ltr'>bant.</span> <span class='ocrx_word' id='word_1_159' title='bbox 278 1835 343 1889; x_wconf 81' lang='lat' dir='ltr'>Hoc</span> <span class='ocrx_word' id='word_1_160' title='bbox 354 1839 512 1906; x_wconf 80' lang='lat' dir='ltr'>exemplum</span> <span class='ocrx_word' id='word_1_161' title='bbox 523 1845 567 1891; x_wconf 89' lang='lat' dir='ltr'>tot</span> <span class='ocrx_word' id='word_1_162' title='bbox 583 1840 640 1892; x_wconf 87' lang='lat' dir='ltr'>inm</span> <span class='ocrx_word' id='word_1_163' title='bbox 650 1839 772 1892; x_wconf 85' lang='lat' dir='ltr'>saeculis</span> <span class='ocrx_word' id='word_1_164' title='bbox 783 1837 976 1892; x_wconf 89' lang='lat' dir='ltr'>intermissum</span> 
     </span>
     <span class='ocr_line' id='line_1_25' title="bbox 156 1905 977 1971; baseline 0.001 -14"><span class='ocrx_word' id='word_1_165' title='bbox 156 1919 214 1957; x_wconf 60' lang='lat' dir='ltr'>&#39;res</span> <span class='ocrx_word' id='word_1_166' title='bbox 224 1905 288 1971; x_wconf 83' lang='lat' dir='ltr'>ipsa</span> <span class='ocrx_word' id='word_1_167' title='bbox 302 1907 359 1958; x_wconf 90' lang='lat' dir='ltr'>iam</span> <span class='ocrx_word' id='word_1_168' title='bbox 377 1905 481 1959; x_wconf 91' lang='lat' dir='ltr'>dudum</span> <span class='ocrx_word' id='word_1_169' title='bbox 497 1915 592 1962; x_wconf 87' lang='lat' dir='ltr'>monet</span> <span class='ocrx_word' id='word_1_170' title='bbox 606 1925 656 1962; x_wconf 90' lang='lat' dir='ltr'>nos</span> <span class='ocrx_word' id='word_1_171' title='bbox 671 1911 840 1961; x_wconf 82' lang='lat' dir='ltr'>instaurare.</span> <span class='ocrx_word' id='word_1_172' title='bbox 862 1907 922 1960; x_wconf 90' lang='lat' dir='ltr'>Neo</span> <span class='ocrx_word' id='word_1_173' title='bbox 933 1905 977 1966; x_wconf 86' lang='lat' dir='ltr'>ul·</span> 
     </span>
     <span class='ocr_line' id='line_1_26' title="bbox 167 1973 975 2048; baseline 0.005 -22"><span class='ocrx_word' id='word_1_174' title='bbox 167 1973 225 2026; x_wconf 88' lang='lat' dir='ltr'>lam</span> <span class='ocrx_word' id='word_1_175' title='bbox 236 1983 356 2040; x_wconf 84' lang='lat' dir='ltr'>moveat,</span> <span class='ocrx_word' id='word_1_176' title='bbox 375 1978 448 2046; x_wconf 89' lang='lat' dir='ltr'>quod</span> <span class='ocrx_word' id='word_1_177' title='bbox 460 1977 566 2030; x_wconf 83' lang='lat' dir='ltr'>Paulus</span> <span class='ocrx_word' id='word_1_178' title='bbox 575 1977 726 2046; x_wconf 86' lang='lat' dir='ltr'>Apostolus</span> <span class='ocrx_word' id='word_1_179' title='bbox 738 1983 817 2048; x_wconf 84' lang='lat' dir='ltr'>vetat</span> <span class='ocrx_word' id='word_1_180' title='bbox 828 1977 975 2030; x_wconf 84' lang='lat' dir='ltr'>mulierem</span> 
     </span>
     <span class='ocr_line' id='line_1_27' title="bbox 158 2041 1002 2115; baseline 0.001 -19"><span class='ocrx_word' id='word_1_181' title='bbox 158 2041 249 2112; x_wconf 69' lang='lat' dir='ltr'>[loqui</span> <span class='ocrx_word' id='word_1_182' title='bbox 259 2045 289 2096; x_wconf 94' lang='lat' dir='ltr'>in</span> <span class='ocrx_word' id='word_1_183' title='bbox 302 2053 393 2109; x_wconf 88' lang='lat' dir='ltr'>coetu,</span> <span class='ocrx_word' id='word_1_184' title='bbox 412 2049 649 2115; x_wconf 86' lang='lat' dir='ltr'>quam.ille·rocat</span> <span class='ocrx_word' id='word_1_185' title='bbox 664 2045 825 2100; x_wconf 83' lang='lat' dir='ltr'>ecclesiam:</span> <span class='ocrx_word' id='word_1_186' title='bbox 846 2043 881 2098; x_wconf 88' lang='lat' dir='ltr'>de</span> <span class='ocrx_word' id='word_1_187' title='bbox 893 2053 975 2098; x_wconf 90' lang='lat' dir='ltr'>coetu</span> <span class='ocrx_word' id='word_1_188' title='bbox 995 2049 1002 2056; x_wconf 84' lang='grc'><em>“</em></span> 
     </span>
     <span class='ocr_line' id='line_1_28' title="bbox 167 2112 975 2184; baseline 0.001 -18"><span class='ocrx_word' id='word_1_189' title='bbox 167 2112 291 2166; x_wconf 84' lang='lat' dir='ltr'>virorum</span> <span class='ocrx_word' id='word_1_190' title='bbox 301 2114 442 2183; x_wconf 88' lang='lat' dir='ltr'>loquitur;</span> <span class='ocrx_word' id='word_1_191' title='bbox 464 2115 509 2170; x_wconf 84' lang='lat' dir='ltr'>lu&#39;c</span> <span class='ocrx_word' id='word_1_192' title='bbox 522 2124 618 2170; x_wconf 87' lang='lat' dir='ltr'>coetus</span> <span class='ocrx_word' id='word_1_193' title='bbox 630 2117 837 2171; x_wconf 83' lang='lat' dir='ltr'>sstmuliebris.</span> <span class='ocrx_word' id='word_1_194' title='bbox 858 2115 975 2184; x_wconf 86' lang='lat' dir='ltr'>Alioqui</span> 
     </span>
     <span class='ocr_line' id='line_1_29' title="bbox 169 2184 972 2254; baseline -0.005 -16"><span class='ocrx_word' id='word_1_195' title='bbox 169 2184 195 2238; x_wconf 85' lang='lat' dir='ltr'>si</span> <span class='ocrx_word' id='word_1_196' title='bbox 211 2199 321 2252; x_wconf 80' lang='lat' dir='ltr'>semper</span> <span class='ocrx_word' id='word_1_197' title='bbox 332 2185 489 2240; x_wconf 38' lang='lat' dir='ltr'>,tacendum</span> <span class='ocrx_word' id='word_1_198' title='bbox 510 2193 573 2241; x_wconf 82' lang='lat' dir='ltr'>erat</span> <span class='ocrx_word' id='word_1_199' title='bbox 593 2187 732 2249; x_wconf 74' lang='lat' dir='ltr'>foeminis,</span> <span class='ocrx_word' id='word_1_200' title='bbox 745 2186 781 2238; x_wconf 62' lang='lat' dir='ltr'>,in</span> <span class='ocrx_word' id='word_1_201' title='bbox 799 2201 878 2254; x_wconf 86' lang='lat' dir='ltr'>quem</span> <span class='ocrx_word' id='word_1_202' title='bbox 891 2199 972 2236; x_wconf 89' lang='lat' dir='ltr'>usum</span> 
     </span>
     <span class='ocr_line' id='line_1_30' title="bbox 169 2251 972 2325; baseline -0.002 -20"><span class='ocrx_word' id='word_1_203' title='bbox 169 2259 272 2308; x_wconf 86' lang='lat' dir='ltr'>natura</span> <span class='ocrx_word' id='word_1_204' title='bbox 288 2255 366 2308; x_wconf 85' lang='lat' dir='ltr'>dedit</span> <span class='ocrx_word' id='word_1_205' title='bbox 381 2257 461 2309; x_wconf 88' lang='lat' dir='ltr'>nobis</span> <span class='ocrx_word' id='word_1_206' title='bbox 482 2257 635 2325; x_wconf 71' lang='lat' dir='ltr'>st‘linguas</span> <span class='ocrx_word' id='word_1_207' title='bbox 650 2273 706 2310; x_wconf 90' lang='lat' dir='ltr'>non</span> <span class='ocrx_word' id='word_1_208' title='bbox 720 2251 972 2324; x_wconf 78' lang='lat' dir='ltr'>minusexpedttas</span> 
     </span>
     <span class='ocr_line' id='line_1_31' title="bbox 166 2321 1022 2391; baseline -0.001 -17"><span class='ocrx_word' id='word_1_209' title='bbox 166 2335 252 2391; x_wconf 73' lang='lat' dir='ltr'>‘quam</span> <span class='ocrx_word' id='word_1_210' title='bbox 265 2331 330 2378; x_wconf 87' lang='lat' dir='ltr'>sunt</span> <span class='ocrx_word' id='word_1_211' title='bbox 340 2328 478 2391; x_wconf 78' lang='lat' dir='ltr'>virorum,</span> <span class='ocrx_word' id='word_1_212' title='bbox 500 2333 636 2380; x_wconf 81' lang='lat' dir='ltr'>et-roccrn</span> <span class='ocrx_word' id='word_1_213' title='bbox 649 2342 703 2378; x_wconf 88' lang='lat' dir='ltr'>non</span> <span class='ocrx_word' id='word_1_214' title='bbox 716 2328 806 2378; x_wconf 84' lang='lat' dir='ltr'>minue</span> <span class='ocrx_word' id='word_1_215' title='bbox 817 2338 948 2378; x_wconf 85' lang='lat' dir='ltr'>sonoram</span> <span class='ocrx_word' id='word_1_216' title='bbox 961 2321 974 2373; x_wconf 74' lang='lat' dir='ltr'>i</span> <span class='ocrx_word' id='word_1_217' title='bbox 1018 2345 1022 2350; x_wconf 92' lang='lat'>·</span> 
     </span>
     <span class='ocr_line' id='line_1_32' title="bbox 170 2393 974 2465; baseline 0 -21"><span class='ocrx_word' id='word_1_218' title='bbox 170 2407 336 2462; x_wconf 86' lang='lat' dir='ltr'>quamquam</span> <span class='ocrx_word' id='word_1_219' title='bbox 348 2395 390 2446; x_wconf 91' lang='lat' dir='ltr'>illi</span> <span class='ocrx_word' id='word_1_220' title='bbox 400 2402 505 2448; x_wconf 78' lang='lat' dir='ltr'>sonant</span> <span class='ocrx_word' id='word_1_221' title='bbox 513 2397 650 2465; x_wconf 73' lang='lat' dir='ltr'>raucius„</span> <span class='ocrx_word' id='word_1_222' title='bbox 670 2411 703 2448; x_wconf 90' lang='lat' dir='ltr'>ac</span> <span class='ocrx_word' id='word_1_223' title='bbox 719 2397 830 2462; x_wconf 90' lang='lat' dir='ltr'>propius</span> <span class='ocrx_word' id='word_1_224' title='bbox 847 2393 974 2446; x_wconf 80' lang='lat' dir='ltr'>referunt</span> 
     </span>
     <span class='ocr_line' id='line_1_33' title="bbox 170 2461 975 2532; baseline -0.001 -18"><span class='ocrx_word' id='word_1_225' title='bbox 170 2461 272 2528; x_wconf 89' lang='lat' dir='ltr'>asinos,</span> <span class='ocrx_word' id='word_1_226' title='bbox 293 2479 374 2532; x_wconf 89' lang='lat' dir='ltr'>quam</span> <span class='ocrx_word' id='word_1_227' title='bbox 386 2481 446 2518; x_wconf 89' lang='lat' dir='ltr'>nos.</span> <span class='ocrx_word' id='word_1_228' title='bbox 471 2463 574 2518; x_wconf 83' lang='lat' dir='ltr'>Verum</span> <span class='ocrx_word' id='word_1_229' title='bbox 587 2465 784 2532; x_wconf 77' lang='lat' dir='ltr'>illudoportet</span> <span class='ocrx_word' id='word_1_230' title='bbox 795 2463 875 2516; x_wconf 88' lang='lat' dir='ltr'>nobis</span> <span class='ocrx_word' id='word_1_231' title='bbox 887 2462 975 2518; x_wconf 84' lang='lat' dir='ltr'>onmi-</span> 
     </span>
     <span class='ocr_line' id='line_1_34' title="bbox 169 2531 989 2611; baseline 0 -29"><span class='ocrx_word' id='word_1_232' title='bbox 169 2531 221 2582; x_wconf 89' lang='lat' dir='ltr'>bus</span> <span class='ocrx_word' id='word_1_233' title='bbox 233 2549 294 2586; x_wconf 88' lang='lat' dir='ltr'>esse</span> <span class='ocrx_word' id='word_1_234' title='bbox 305 2548 388 2587; x_wconf 87' lang='lat' dir='ltr'>curae</span> <span class='ocrx_word' id='word_1_235' title='bbox 400 2570 408 2597; x_wconf 91' lang='lat'>,</span> <span class='ocrx_word' id='word_1_236' title='bbox 426 2539 460 2588; x_wconf 88' lang='lat' dir='ltr'>ut</span> <span class='ocrx_word' id='word_1_237' title='bbox 468 2549 502 2586; x_wconf 87' lang='lat' dir='ltr'>ea</span> <span class='ocrx_word' id='word_1_238' title='bbox 516 2535 653 2611; x_wconf 77' lang='lat' dir='ltr'>grpvitate</span> <span class='ocrx_word' id='word_1_239' title='bbox 665 2541 816 2596; x_wconf 75' lang='lat' dir='ltr'>tractemus</span> <span class='ocrx_word' id='word_1_240' title='bbox 827 2531 881 2585; x_wconf 86' lang='lat' dir='ltr'>boc</span> <span class='ocrx_word' id='word_1_241' title='bbox 890 2545 989 2599; x_wconf 80' lang='lat' dir='ltr'>nego·—</span> 
     </span>
     <span class='ocr_line' id='line_1_35' title="bbox 170 2599 974 2671; baseline 0 -19"><span class='ocrx_word' id='word_1_242' title='bbox 170 2601 259 2665; x_wconf 83' lang='lat' dir='ltr'>tium,</span> <span class='ocrx_word' id='word_1_243' title='bbox 279 2619 313 2656; x_wconf 88' lang='lat' dir='ltr'>ne</span> <span class='ocrx_word' id='word_1_244' title='bbox 325 2617 421 2655; x_wconf 88' lang='lat' dir='ltr'>rursus</span> <span class='ocrx_word' id='word_1_245' title='bbox 435 2602 662 2656; x_wconf 82' lang='lat' dir='ltr'>ririSenatuium</span> <span class='ocrx_word' id='word_1_246' title='bbox 676 2603 835 2671; x_wconf 69' lang='lat' dir='ltr'>appellent,</span> <span class='ocrx_word' id='word_1_247' title='bbox 854 2599 974 2653; x_wconf 80' lang='lat' dir='ltr'>autier-</span> 
     </span>
     <span class='ocr_line' id='line_1_36' title="bbox 105 2671 974 2740; baseline -0.002 -18"><span class='ocrx_word' id='word_1_248' title='bbox 105 2703 109 2707; x_wconf 89' lang='lat'><em>-</em></span> <span class='ocrx_word' id='word_1_249' title='bbox 173 2674 247 2722; x_wconf 82' lang='lat' dir='ltr'>tasso</span> <span class='ocrx_word' id='word_1_250' title='bbox 258 2671 421 2736; x_wconf 86' lang='lat' dir='ltr'>probrosius</span> <span class='ocrx_word' id='word_1_251' title='bbox 440 2673 555 2740; x_wconf 89' lang='lat' dir='ltr'>aliquod</span> <span class='ocrx_word' id='word_1_252' title='bbox 570 2687 671 2726; x_wconf 85' lang='lat' dir='ltr'>nomen</span> <span class='ocrx_word' id='word_1_253' title='bbox 688 2675 863 2738; x_wconf 66' lang='lat' dir='ltr'>excogitent,</span> <span class='ocrx_word' id='word_1_254' title='bbox 885 2673 917 2721; x_wconf 86' lang='lat' dir='ltr'>ut</span> <span class='ocrx_word' id='word_1_255' title='bbox 928 2685 974 2720; x_wconf 88' lang='lat' dir='ltr'>so·</span> 
     </span>
     <span class='ocr_line' id='line_1_37' title="bbox 174 2738 977 2810; baseline 0.001 -21"><span class='ocrx_word' id='word_1_256' title='bbox 174 2738 275 2793; x_wconf 83' lang='lat' dir='ltr'>tentia</span> <span class='ocrx_word' id='word_1_257' title='bbox 289 2755 342 2796; x_wconf 84' lang='lat' dir='ltr'>uos</span> <span class='ocrx_word' id='word_1_258' title='bbox 358 2741 480 2796; x_wconf 86' lang='lat' dir='ltr'>libenter</span> <span class='ocrx_word' id='word_1_259' title='bbox 496 2757 560 2796; x_wconf 76' lang='lat' dir='ltr'>esse</span> <span class='ocrx_word' id='word_1_260' title='bbox 573 2743 694 2794; x_wconf 85' lang='lat' dir='ltr'>dicaces.</span> <span class='ocrx_word' id='word_1_261' title='bbox 727 2744 893 2810; x_wconf 77' lang='lat' dir='ltr'>Quanquam</span> <span class='ocrx_word' id='word_1_262' title='bbox 903 2739 929 2792; x_wconf 85' lang='lat' dir='ltr'>‘si</span> <span class='ocrx_word' id='word_1_263' title='bbox 944 2739 977 2791; x_wconf 80' lang='lat' dir='ltr'>li·</span> 
     </span>
    </p>
   </div>
   <div class='ocr_carea' id='block_1_7' title="bbox 0 0 1100 3270">
    <p class='ocr_par' dir='ltr' id='par_1_7' title="bbox 0 0 1100 3270">
     <span class='ocr_line' id='line_1_38' title="bbox 0 0 1100 3270; baseline 0 0"><span class='ocrx_word' id='word_1_264' title='bbox 0 0 1100 3270; x_wconf 95' lang='lat' dir='ltr'> </span> 
     </span>
    </p>
   </div>
  </div>
 </body>
</html>
