2186 3258
345 213 603 280 ruo‘uuunrs
744 227 747 240 ¹
819 225 873 282 225

68 333 155 385 altum
168 331 263 393 missa,
275 337 304 382 et
315 345 411 384 sarum
425 343 459 384 ex
471 333 529 384 alto
549 327 689 382 decidens.
736 343 779 386 cu.
789 329 873 398 Atqui

70 418 121 470 ego
134 401 267 468 putabam
282 401 407 453 homiues
417 406 457 452 sic
470 411 518 468 per·
528 399 622 452 orbem
634 407 725 451 terrae
737 399 872 452 discurre.

8 511 9 514 ,
71 486 110 534 re,
121 471 354 538 quemadmodum
367 473 569 522 minutissimae
591 469 724 520 formicae
736 469 872 520 cursitant

73 542 103 594 in
115 541 280 608 praegrandi
294 539 427 606 sphaeris,
448 540 564 591 haerent
585 538 719 604 undique,
742 553 793 588 nec
814 537 873 588 ulla

75 609 189 662 decidit.
208 625 253 663 su.
265 611 294 660 ln
308 625 407 662 caussa
417 617 481 661 suot
491 608 627 675 sphaerae
637 606 798 673 superficies
808 620 875 659 non·

73 678 259 731 nihilhabens
279 694 423 747 asperum,
445 687 502 729 tum
526 675 824 742 scabritiesquuedam
845 675 874 724 in

73 749 252 802 formicarum
261 749 386 816 pedibus,
397 742 876 816 quamhabentinsectniereumuiu,
925 747 926 754 ’

74 825 219 885 postremo
237 821 464 884 corpusculorum
481 817 594 868 levitas:
616 816 646 868 id
664 816 689 867 si
704 830 760 866 nou
775 811 875 873 credis,

73 887 119 940 l'ac
128 887 275 954 sphaeram
288 889 405 940 vitream
417 889 486 940 bene
498 887 605 941 laevem
617 891 646 938 et
657 883 793 954 glabrum,
803 880 876 932 ride·
909 893 912 901 ¹

36 977 41 992 =
74 957 119 1011 bis
129 957 206 1010 soles
218 955 351 1010 formicas
362 973 417 1010 non
425 957 556 1009 decidere
567 970 637 1024 quae
654 957 684 1008 in
695 965 803 1007 summo
814 963 875 1002 ver·
963 986 969 994 .
983 921 989 932 ¹

72 1033 171 1080 santur
180 1026 257 1079 orbe.
294 1025 379 1079 cusi
389 1028 449 1095 quis
460 1027 536 1079 Deus
548 1026 643 1077 orbem
654 1031 747 1077 terrae
757 1020 877 1074 aredium

73 1096 259 1165 perterebret,
282 1094 346 1148 hinc
365 1094 667 1165 usqueadnntipodss
682 1088 877 1162 perpendiculo

72 1182 124 1234 per
134 1171 258 1218 centrum
273 1165 404 1226 demisso,
420 1164 652 1232 quemadmodum
662 1162 755 1216 solent
765 1162 878 1213 cesino·
925 1159 930 1166 “

75 1234 174 1304 graphi
185 1241 278 1288 terrae
289 1237 377 1288 totius
392 1235 476 1287 situm
495 1236 523 1285 in
540 1234 633 1300 globis
647 1231 748 1300 ligneis
764 1241 876 1297 reprec-

73 1311 233 1376 sentantes,
243 1312 302 1356 tum
314 1305 339 1356 si
355 1302 451 1358 sinum
469 1305 603 1356 coniicias
619 1303 648 1354 in
665 1301 803 1362 foramen,
824 1310 878 1365 quo

73 1374 248 1443 perfereturi
284 1389 330 1426 su.
343 1376 435 1442 Usque
450 1375 487 1434 ad¹
497 1380 588 1426 terrae
598 1378 737 1435 centrum3
752 1371 788 1423 ibi
799 1369 877 1436 quies

72 1449 118 1498 esi
129 1444 252 1497 omniurn
263 1443 397 1512 gravium.
435 1457 479 1495 cu.
492 1443 565 1505 Quid
576 1440 878 1508 sihntipodesquoquo

73 1528 109 1568 ex
120 1513 238 1567 adverso
248 1513 363 1564 mittant
374 1512 512 1582 lapidem'l
550 1527 595 1564 sn.
606 1512 685 1562 Tunc
702 1509 773 1574 lapis
785 1518 891 1568 occur,
917 1527 919 1534 ¹

72 1589 121 1638 ret
135 1583 222 1649 lapidi
239 1584 316 1634 circa
336 1585 472 1636 centrum:
493 1582 534 1634 ibi
554 1581 731 1649 conquiescet
751 1583 877 1642 uterque.

72 1667 119 1706 cu.
139 1652 211 1718 Age3
221 1653 247 1704 si
258 1667 352 1706 verum
364 1658 420 1715 est,
432 1653 505 1720 quod
519 1651 630 1715 dixisti,
638 1653 741 1701 motum
751 1644 879 1698 nativum

73 1735 227 1790 progressu
237 1723 372 1790 mapisac
387 1724 477 1790 magis
488 1721 619 1782 incitari,
640 1718 665 1771 si
686 1716 756 1768 nihil
777 1717 879 1779 obstet,

72 1791 149 1860 lapis
159 1796 207 1843 aut
218 1794 359 1858 plumbum
371 1792 527 1844 coniectum
538 1791 568 1842 in
584 1789 712 1841 foramen
733 1787 768 1840 ob
787 1789 880 1838 motus

71 1861 275 1915 vehementiam
286 1867 524 1930 praetercurreret
536 1865 671 1922 centrum,
681 1860 791 1923 iamque
801 1861 881 1924 prae·

71 1933 209 1987 ternisco
227 1939 322 1984 centro
343 1946 453 1983 rursum
464 1937 556 1982 motus
568 1930 622 1982 erit
641 1927 789 1982 violentus.
834 1937 879 1977 su.

71 1999 221 2056 Plumbum
231 2016 369 2070 nunquam
380 1999 538 2068 perveniret
553 2000 589 2052 ad
610 2004 750 2060 centrum,
769 1993 825 2047 uisi
844 1992 896 2044 li·.

72 2067 250 2140 queluctum3
270 2071 404 2137 sed‘lapis
424 2070 451 2122 si
471 2075 632 2137 praetereat
653 2073 780 2120 centrum
799 2066 879 2115 motu

71 2148 133 2193 tam
143 2139 277 2203 violento,
287 2139 406 2207 primum
417 2141 530 2208 segnius
539 2139 653 2202 feretur,
665 2153 716 2190 noc
725 2135 810 2186 aliter
819 2127 880 2182 red·

72 2209 130 2262 ibit
150 2207 186 2262 ad
206 2217 333 2262 centrum
354 2225 438 2278 quam
455 2209 527 2278 lapis
546 2211 575 2264 vi
593 2208 622 2260 in
637 2207 725 2261 ultum
739 2201 891 2269 proiectus,

72 2279 150 2332 redit
159 2278 187 2330 in
198 2284 311 2332 terram.
348 2295 391 2332 cu·
403 2278 458 2332 Sed
469 2293 614 2333 recurrens
620 2275 713 2328 nstir‘o
724 2275 813 2350 motio
821 2279 881 2317 ¹¹¹¹·-
942 2331 944 2335 ,

73 2364 122 2400 sus
128 2350 269 2403 concitato
280 2350 386 2417 inipetu
394 2347 623 2416 praetervehetur
634 2349 773 2397 centrum:
785 2343 881 2402 stoque

73 2419 136 2481 liet,
156 2424 190 2470 ut
209 2433 350 2488 nunquam
361 2420 488 2487 quiescat
499 2417 581 2484 lapis.
626 2428 672 2465 su.
694 2405 881 2474 Conquiescet

73 2486 204 2550 tandem,
215 2496 441 2555 praetercurrens
453 2501 486 2538 ac
496 2497 655 2543 recurrens,
669 2481 757 2532 donec
767 2489 881 2542 perren-
964 2503 967 2512 ·

74 2560 137 2608 tum
149 2553 233 2608 luerit
243 2559 279 2611 ad
291 2557 493 2628 aequilibrium.
529 2569 571 2608 ou.
579 2555 616 2605 At
625 2551 651 2603 si
662 2547 731 2600 nihil
744 2552 787 2598 ert
797 2545 824 2596 in
835 2558 879 2596 ru·

73 2639 140 2682 mm
151 2632 256 2680 natura
265 2643 391 2690 vacuum,
402 2631 514 2694 oportet
525 2623 652 2676 feramen
664 2615 734 2670 illud
746 2619 809 2676 abrs
821 2613 881 2682 ple·

75 2709 144 2748 utrm
157 2709 227 2749 esse.
273 2713 320 2749 sn.
342 2697 421 2749 liuto.
467 2709 511 2748 cu.
532 2685 888 2756 i'endebitigiturinulire

76 2777 181 2886 cuipas
198 2771 299 2888 uztura
314 2781 408 2888 ξιειῦο.
443 2775 488 2818 ui..
509 2757 630 2826 Quiduil
651 2751 882 2880 quemadmodum

140 2849 205 2889 aas.
241 2849 304 2890 our..
342 2870 349 2888 .
387 2867 393 2887 .
845 2851 847 2858 ι
