2172 3238
153 245 175 262 ..
205 197 260 260 aar
381 165 384 172 ’
415 199 602 257 nnnsur
625 200 795 258 aaran

203 304 472 366 eordiorurnarcena
487 306 609 371 obtinet,
628 313 713 376 atque
729 305 799 359 adeo
815 305 909 372 iprum
929 304 1010 357 vitae

202 375 321 438 fontem,
334 390 396 438 eor;
410 374 446 427 'et
456 377 715 444 concupiscentiam,
734 391 806 444 quae
818 373 952 428 adimam
963 387 1010 425 ue·

205 459 259 512 que
270 444 371 511 pubem
381 444 520 498 latissime
537 447 684 514 imperium
701 447 827 509 autopat
863 441 1010 496 Adversus

203 512 256 566 has
270 513 395 582 geminae
407 515 500 581 copiae
525 523 640 568 uantum
651 512 743 566 valeat
753 512 838 574 ratio,
850 515 1009 564 eommunia

203 580 348 636 hominum
358 583 417 635 rita
427 584 497 636 satie
507 531 642 645 declarat,
654 595 738 650 quum
750 579 807 644 illa,
827 580 905 648 quod
919 589 1009 631 unuin

202 651 280 714 lieet,
295 651 346 706 rel
356 667 442 720 utque
454 653 490 706 ad
501 653 588 704 ravim
600 651 745 712 reclamat,
757 656 786 700 et
795 648 907 701 honesti
917 647 1010 701 dictat

203 721 360 785 formulas,
380 737 475 774 rerunt
496 720 526 773 hi
546 722 677 788 laqueum
697 717 828 786 regiano
849 718 1008 783 remittunt,

203 791 350 858 multoque
362 791 486 844 odiosius
502 789 681 855 obstrepunt,
706 786 796 839 donee
810 787 867 840 iam
882 785 928 840 laia
939 801 1006 857 quo·

204 857 259 932 q'ue
271 861 360 913 tessus
370 861 446 912 ultro
457 860 538 920 cedit,
554 871 587 908 ae
597 871 693 908 manus
706 854 765 908 dat«

257 931 388 983 ceterum
399 927 529 996 quoniam
540 927 610 989 viro,
621 926 851 979 administrandis
862 925 950 980 rebat
961 941 1009 980 na·

202 1003 246 1062 to,
258 998 414 1066 plusculum
427 997 461 1049 de
473 996 589 1048 rationis
600 995 713 1048 unciola
724 1004 785 1049 erat
795 991 1009 1066 aspergendum,

202 1075 237 1120 ut
247 1067 311 1120 huie
322 1082 433 1137 quoque
443 1081 492 1134 pro
504 1066 579 1118 virili
591 1066 758 1129 consuleret,
779 1081 824 1119 me
836 1069 869 1130 *),
893 1066 1009 1117 aientia

203 1139 316 1200 ceteris,
336 1139 365 1189 in
386 1137 532 1190 eonsilium
553 1134 695 1200 adhibuit,
716 1151 835 1204 moxque
857 1135 1007 1187 eonsilium

202 1205 270 1260 dedi
285 1221 329 1259 me
346 1207 469 1272 dignum,
489 1221 589 1276 nempe
604 1209 646 1258 uti
661 1199 805 1258 mulierem
825 1205 1007 1274 alliungeret3

201 1275 309 1330 animal
322 1274 453 1328 videlicet
475 1276 593 1328 stultum
613 1277 725 1344 quidem
745 1275 818 1328 illud
841 1282 925 1344 atque
946 1276 1004 1328 ine·
1075 1289 1077 1298 ’

201 1352 296 1414 ptum,
317 1359 413 1397 verum
427 1346 575 1398 ridiculum
587 1353 615 1399 et
627 1361 726 1414 auare,
747 1361 801 1414 quo
813 1347 946 1399 convictu
958 1345 1006 1396 do·

202 1413 322 1468 mentito
335 1415 424 1467 virilia
435 1416 543 1484 ingenii
553 1415 699 1470 tristitiam
712 1432 764 1468 eua
774 1415 898 1467 stultitia
910 1414 1004 1466 eondi-

201 1491 344 1554 rotatque
359 1485 509 1538 edulcaret.
545 1486 616 1538 Nam
635 1486 707 1554 quod
722 1486 804 1538 Plato
814 1484 955 1536 ‘dubitare
970 1483 1006 1534 ri·

203 1552 296 1619 detur,
308 1563 386 1608 -utro
398 1557 427 1608 in
440 1570 543 1626 genere
554 1561 639 1622 ponat
649 1557 803 1618 mulierem,
824 1554 1005 1606 rationalium

108 1666 112 1674 .
204 1625 397 1688 animantium,
415 1641 450 1677 an
462 1627 615 1688 brutorum,
636 1623 903 1686 nihilaliudvoluit,
925 1637 1004 1692 quam

201 1691 342 1761 insignem
364 1696 424 1746 eius
444 1709 527 1745 tenue
548 1695 698 1746 stultitiam
718 1693 850 1747 indicare.
899 1691 1006 1755 Quodsi

203 1775 260 1830 qua
270 1761 345 1814 forte
356 1763 457 1814 mulier
466 1765 576 1831 sapiens
589 1762 685 1816 haberi
695 1765 834 1827 voluit,ea
844 1761 917 1814 nihil
928 1760 1006 1815 aliud
1075 1793 1076 1815 r

202 1831 264 1898 agit
276 1831 324 1894 **),
335 1847 418 1898 quam
428 1837 460 1883 ut
469 1831 513 1885 bit
526 1831 613 1885 stulta
623 1835 669 1896 sit,
692 1834 803 1901 perinde
815 1835 895 1901 quasi
906 1833 1004 1884 boretu

97 1957 101 1966 ,
202 1899 306 1966 aliquia
321 1901 406 1953 duent
421 1901 458 1952 ad
473 1902 661 1967 ceramum),
682 1903 769 1956 invita
785 1903 1004 1969 reluctanteque,

202 1975 235 2020 ut
246 1967 333 2031 ailant,
343 1967 481 2022 Minerva.
518 1972 705 2040 conduplicat
715 1975 786 2024 enim
796 1972 909 2035 vitium,
929 1973 1002 2039 quie·
1074 1979 1075 1990 ¹

203 2039 266 2106 quie
283 2044 382 2091 eontra
398 2045 527 2092 naturam
543 2041 654 2094 virtutis
670 2041 763 2094 fuerim
781 2039 898 2106 inducit,
921 2049 1003 2110 atque

202 2107 262 2166 alio
285 2107 409 2160 deflectit
434 2109 585 2178 ingenium.
630 2107 889 2176 Quemadmodum,
923 2111 1003 2163 iuxta

203 2175 374 2230 Graecorum
386 2179 574 2246 proverbium,
597 2181 680 2232 nimia
690 2196 799 2248 aeniper
809 2187 852 2234 est
861 2180 955 2242 nimia,
966 2186 1003 2232 et·

187 2244 259 2303 =iam
269 2246 293 2316 ni
304 2256 434 2326 purputa
441 2248 592 2310 vestiatur,
612 2250 654 2300 ita
669 2250 772 2302 mulier
786 2264 894 2316 semper
903 2250 1003 2302 mulier

202 2321 256 2377 eet,
276 2317 329 2369 hoc
341 2323 385 2370 eet
396 2317 492 2380 etulta,
512 2333 703 2385 quameunque
719 2335 867 2386 perronam
886 2319 1002 2372 induxe-

201 2383 241 2438 rit
252 2385 328 2449 Μ“*).
363 2383 460 2455 Neque
474 2401 540 2439 vero
562 2387 709 2442 mulierum
724 2403 916 2458 genuinoque
933 2389 1001 2443 adeo

201 2519 326 2620 ”linguiri
336 2519 432 2568 hebent:
447 2537 483 2567 me
493 2523 532 2569 ilc
541 2525 605 2570 ticet
621 2525 639 2569 i.
654 2538 673 2569 c.
684 2523 718 2570 ,ln
727 2521 1001 2580 trinominem&-

91 2657 95 2666 ,
151 2637 183 2654 ¹·
230 2631 263 2683 il)
285 2615 619 2690 Volur'totnge'tlirolrouiann.¹
647 2636 920 2698 Al.oolueritetegerit.
960 2671 962 2675 -

230 2687 275 2735 m)
291 2687 437 2738 Unguentum
451 2703 494 2744 quo
503 2692 643 2741 ungebantur
653 2692 760 2744 tridente.

229 2740 286 2795 m⁸)
301 2739 671 2797 reot.tanuaeortt,u.inomtn
751 2745 759 2752 ’
