2192 3270
308 219 615 276 serendarum
725 197 729 202 ’
769 263 771 268 ,
809 222 900 279 tto«
948 299 952 304 Ι
1032 180 1035 188 ¹

62 323 154 391 gnrati;
178 320 226 388 qui
242 332 361 394 rogatus
376 341 394 379 a
409 327 543 396 quodam,
565 327 631 394 quid
641 325 747 380 tructus
758 331 808 382 sua
818 328 862 383 illi

61 389 232 460 philosophia
242 397 397 460 attulisset,
417 399 453 448 Ut
465 413 536 462 mea,
552 397 650 466 inquit,
671 405 768 464 sponte
780 401 862 452 caia·

63 463 132 524 ciam,
143 477 217 528 quae
227 466 354 533 plerique
365 467 461 536 legum
473 476 549 519 metu
562 468 655 520 eoacti
667 466 783 519 iaciunt·
803 469 862 521 Do·

64 539 98 586 cet
107 533 178 584 enim
187 533 303 598 Paullus,
315 551 372 599 eos,
385 535 740 602 qu0s2afflavitchrtstiana
750 539 861 603 caritas,

63 603 397 672 norrcsselegiobnoxios,
405 619 438 658 eo
450 606 522 671 qaod
535 607 597 672 plus
608 612 752 673 praestant
762 614 862 674 suapte

63 679 165 739 sponte,
187 689 274 740 quam
289 675 430 728 lexmetu
449 689 557 741 poenae
576 677 666 742 possit
686 681 862 746 extorquere.

62 758 102 795 sn.
122 741 254 796 Christus
269 745 381 799 ludaeis
397 746 687 808 obmurmurantibus,
709 748 784 814 qrrod
800 763 865 799 cum
949 812 955 816 .

61 813 214 881 publicanis
236 819 265 867 ct
286 815 481 882 peccatoribus
499 813 617 868 haberet
639 818 725 868 etiarn
749 831 863 870 mensae

61 882 294 948 familiaritatem,
314 885 468 950 respondit,
485 900 542 936 non
553 901 615 939 csse
626 900 696 952 opus
707 885 817 938 medico
828 888 871 938 iis·

63 953 105 1022 qui
114 945 192 1006 ricta
203 955 339 1016 valerent,
350 954 398 1006 sed
410 955 457 1021 qui
467 955 559 1006 minus
571 971 706 1024 prospera
714 961 809 1008 essent
818 972 867 1009 va·
878 975 884 990 r

62 1023 194 1076 latudine.
208 1024 272 1076 Non
282 1023 415 1077 abhorret
426 1023 586 1091 hine,quod
599 1027 673 1093 apud
685 1025 868 1079 Plutarchum

63 1093 130 1149 dixit
139 1083 282 1160 Phdeion3
300 1097 443 1163 quiquam
453 1094 714 1160 reprehenderetur,
730 1098 803 1164 quod
814 1097 865 1149 ho·

61 1163 127 1216 mini
134 1163 465 1232 illaudatoimprohoque
469 1168 663 1232 patrocinatus
670 1173 746 1220 esset
756 1170 783 1218 in
794 1167 868 1219 iudi·

62 1235 118 1297 cio,
139 1249 197 1286 non
212 1235 304 1287 minus
320 1234 554 1304 festiviterquam
565 1237 730 1299 clementer,
751 1236 870 1300 Quidni,
956 1237 960 1249 '

61 1303 162 1374 inquit,
175 1306 288 1372 quando
300 1320 382 1358 nenio
394 1307 498 1373 probus
509 1305 618 1375 indiget
628 1307 679 1359 tali
690 1306 869 1374 patrociniol

63 1389 104 1427 or„
115 1378 154 1428 Et
166 1374 241 1428 istud
253 1375 428 1430 Christianae
438 1377 576 1428 bonitatis
589 1377 747 1444 exemplum
759 1383 811 1439 est,
832 1374 870 1429 ad

62 1446 220 1512 exemplum
227 1447 339 1499 aeterni
347 1447 437 1514 patris
448 1451 477 1500 et
486 1447 581 1513 probis
593 1454 622 1499 ct
631 1447 871 1512 improbis,quan·

61 1522 118 1568 tum
128 1515 206 1580 licet,
214 1518 386 1579 benefacere,
395 1518 442 1585 qui
454 1516 633 1571 solemsuum
644 1515 713 1567 oriri
724 1516 804 1567 iubet
814 1529 871 1567 non

60 1587 151 1640 solum
169 1587 240 1654 piis,
250 1589 310 1640 sed
322 1589 406 1641 etiam
417 1586 521 1656 impiis.
557 1585 663 1639 Verum
675 1584 872 1637 admirabilius

59 1655 184 1708 forsitan
198 1655 253 1709 erit¹
262 1660 290 1708 in
301 1673 366 1725 rege
377 1656 577 1710 moderationis
589 1654 758 1722 exemplum.
779 1655 873 1716 Qunam

58 1725 264 1790 Demochares,
280 1725 480 1782 Demosthenis
490 1742 587 1794 nepos,
603 1724 813 1778 Atheniensium
823 1740 872 1778 no·

58 1799 135 1850 mine
147 1797 294 1866 legatione
304 1797 470 1868 iungeretur
485 1797 557 1866 apud
568 1793 726 1868 Philippum
735 1795 871 1848 Macedo·

58 1882 125 1920 num
138 1882 245 1938 regem,
257 1874 285 1921 et
296 1868 454 1936 impetratis
466 1883 537 1936 qnae
547 1867 662 1922 volebat
672 1883 689 1920 a
698 1882 766 1936 rege
776 1865 877 1918 dimio-

57 1943 186 2002 teretur,
207 1936 366 1993 humaniter
382 1943 588 2006 interrogante,
610 1939 635 1990 si
647 1937 712 2006 quid
722 1943 872 2005 praeterea
938 1943 942 1950 ’

56 2007 167 2073 rellet3
186 2009 367 2076 Utteipsnm
385 2009 551 2076 suspendas,
569 2010 661 2076 inquit
672 2006 872 2060 Demochares.

56 2077 123 2132 Vox
134 2078 279 2146 impotens
291 2081 385 2134 odium
397 2079 550 2148 arguebat,
573 2084 601 2132 ot
615 2093 665 2132 rex
681 2084 743 2132 erat
758 2083 787 2130 et
799 2077 879 2142 bens

56 2150 227 2213 meritus,in
237 2165 317 2217 quem
329 2151 659 2212 iaciebaturoonrieium;
670 2153 820 2200 uectamon
829 2147 873 2197 in·

57 2219 193 2284 canonia
210 2225 323 2274 tantum
334 2221 370 2273 ad
381 2220 509 2288 collegas
519 2235 676 2280 conversus,
692 2217 758 2279 Vos,
773 2215 873 2333 inqui&

57 2287 300 2344 haserenuntiatc
310 2289 591 2359 populorlthenicnsi‚
598 2304 653 2359 quo
663 2303 695 2338 re
706 2290 819 2367 cognita
829 2299 840 2334 1

57 2359 152 2424 dicet,
170 2365 264 2426 utrum
275 2369 401 2415 nostrum
414 2360 556 2414 existimet
567 2361 810 2426 praestantiorem,
827 2366 874 2403 ms

58 2431 109 2498 qni
118 2429 194 2484 haec
205 2433 346 2500 patienter
354 2431 501 2494 audierim,
509 2445 545 2484 an
555 2429 640 2482 istum
652 2427 699 2493 qai
711 2423 780 2476 haee
791 2421 875 2496 diiii«
891 2449 894 2458 ·

57 2500 113 2553 Ubi
128 2515 207 2554 nune
218 2508 284 2554 sunt
295 2505 370 2555 orbis
381 2500 560 2563 monarchae,
569 2499 617 2566 qui
627 2512 657 2549 se
667 2495 722 2547 diis
731 2507 813 2576 petel
823 2505 872 2557 ΡΨ

57 2575 133 2635 tant,
153 2577 182 2626 et
195 2573 231 2625 ob
242 2573 357 2624 verbum
367 2573 442 2624 inter
452 2571 553 2638 pocula
562 2570 670 2624 dictum
680 2571 786 2646 atrocia
796 2561 874 2644 bella

58 2640 229 2694 concitanti
251 2658 293 2694 ur.
314 2643 435 2711 Magnos
453 2644 575 2708 impetus
587 2637 672 2692 hehet
683 2635 875 2704 glorineatus,

56 2709 227 2780 multosque
241 2719 417 2765 transversos
428 2714 488 2781 agit
500 2709 545 2761 hic
557 2707 681 2760 affectffl·
717 2706 761 2758 Εἴ
775 2715 873 2756 ⁰⁰¹'um

54 2792 181 2837 numero
193 2783 309 2854 quidam
317 2782 463 2852 ¹Socratem
475 2778 675 2846 interrogabat,
689 2789 745 2842 qua
754 2774 802 2825 ria
811 2785 874 2838 pos·
926 2843 928 2850 y
