2186 3258
305 235 594 318 ueicuanus'.
689 249 725 287 2
785 253 898 310 ‘241‘

68 357 134 413 omni
143 373 242 424 genere
253 355 416 415 deliciarum
435 355 560 410 affluens.
579 409 583 414 ,
596 371 646 410 uu.
657 357 735 410 Adde
746 372 855 411 monar-

9 459 10 496 3
68 430 128 484 chae
138 435 285 496 sceptrum,
305 429 327 479 si
339 427 424 491 libet;
440 428 517 480 ,adde
528 428 698 494 pontificiam
711 441 855 492 coronam,

8 501 10 520 ³
68 513 169 566 eantque
186 513 205 550 e
216 497 322 564 triplici
338 496 384 549 iac
395 497 605 564 centuplicem,
626 495 709 548 modo
722 496 855 550 detrabat

67 570 172 621 aninum
185 568 238 620 sibi
253 569 324 620 bene
336 568 491 630 conscium,
510 568 643 620 audacter
658 565 762 630 dicam,
782 564 857 619 hune

66 637 289 704 Franciseanum‚
310 635 497 702 nudipedem,
518 635 626 690 nodoso
643 635 710 688 fune
727 637 859 700 cinctum,

8 727 22 762 ¹,
66 710 175 760 tenuiter
186 723 219 759 ae
232 707 327 759 uiliter
338 705 480 770 amictum,
489 707 613 770 ieiuniis,
624 706 728 774 uigiliis
740 720 773 757 ac
784 705 860 757 labo·

9 825 10 836 ,
64 778 336 838 ribos'attenuatum,
356 777 403 841 qui
415 779 569 828 teruncium
581 792 636 828 non
648 775 733 828 habet
742 775 771 825 in
784 774 860 836 orbe,

9 837 11 890 Ὺ
65 847 141 900 modo
153 847 225 898 adsit
236 848 309 898 bona
320 860 411 909 mens,
434 845 597 898 deliciosius
612 849 720 907 virere,
740 857 822 914 quam
834 844 860 895 si

62 919 90 968 in
106 931 185 966 unum
200 914 340 967 hominem
357 922 502 968 sexcentos
520 915 623 968 confles
641 912 860 979 Sardanapalos.

22 1041 27 1052 x
64 985 285 1053 saUndeigitur
296 995 348 1048 est,
366 985 440 1053 quod
452 1000 589 1054 pauperes
599 986 657 1038 fere
674 982 858 1054 conspicimus

62 1054 197 1107 tristiores
218 1053 368 1113 divitibusi
408 1067 458 1107 uu.
480 1054 554 1116 Quia
574 1056 617 1107 bis
636 1067 773 1122 pauperes
794 1056 859 1104 sunt
894 1079 900 1086 -

60 1119 191 1192 plerique.
227 1123 338 1189 Alioqui
349 1124 471 1183 morbus,
492 1123 598 1188 inedia,
610 1123 718 1188 vigilia,
736 1122 860 1185 labores,
899 1129 902 1136 ⁴
952 1155 954 1164 =

61 1193 180 1257 nuditas,
202 1198 354 1244 extenuant
375 1191 486 1260 quidem
506 1195 631 1261 corporis
650 1191 786 1255 habitum,
808 1189 860 1244 sed

59 1269 220 1314 tamennon
232 1264 260 1312 in
278 1261 321 1312 his
335 1267 443 1312 tantum
457 1297 465 1324 ,
485 1263 536 1316 aed
554 1267 639 1317 etiam
651 1265 680 1315 in
694 1265 757 1331 ipsa
766 1267 860 1314 morte

59 1348 122 1384 sese
137 1333 240 1383 exserit
257 1332 357 1382 mentis
375 1331 516 1383 alacritas.
551 1333 667 1386 Animus
683 1333 758 1384 euim
776 1347 861 1398 quan·

59 1401 144 1469 qua‘m
155 1399 283 1466 illigatus
294 1403 336 1451 cst
351 1399 465 1452 mortali
481 1403 608 1470 corpori,
627 1405 719 1454 tamen
732 1401 861 1469 quoniam

8 1535 9 1540 ἵ
59 1477 180 1522 naturae
192 1469 358 1534 potentioris
371 1476 422 1533 est,
441 1475 543 1538 corpus
553 1473 644 1540 ipsum
656 1467 861 1539 quodammodo
899 1493 905 1498 ·

8 1601 9 1604 Ἴ
56 1536 243 1591 transformat
258 1539 286 1588 in
302 1553 377 1602 sese,
398 1545 564 1608 praesertim
578 1543 605 1596 si
621 1541 657 1594 ad
672 1537 862 1592 vehementem

55 1615 176 1663 naturae
198 1609 333 1674 impetum
355 1609 469 1662 accedat
490 1613 603 1678 ἐνέργεια
623 1611 749 1678 spiritus.
771 1609 864 1662 ilinc

55 1685 110 1742 est,
130 1676 203 1745 quod
221 1685 421 1745 saepenumero
440 1679 567 1734 ridemus
582 1680 708 1734 homines
724 1693 790 1732 rere
800 1678 880 1746 pios,

55 1747 167 1802 maiore
180 1761 240 1799 cum
252 1749 400 1801 alacritate
410 1749 572 1813 morientes,
592 1765 674 1818 quam
685 1749 758 1804 ulios
770 1745 863 1800 convi-

54 1825 165 1870 vantes.
203 1831 243 1869 se.
254 1816 329 1870 istuc
338 1817 469 1885 proiecto
481 1835 536 1872 non
547 1833 611 1873 raro
623 1835 684 1874 sunt
697 1818 861 1887 admiratus.

54 1902 107 1942 rtur.
121 1887 207 1954 Atqui
219 1901 273 1938 uon
284 1893 327 1938 est
338 1887 541 1954 admirandum,
555 1889 688 1948 illic'esse
700 1886 863 1940 invincibile

8 2009 9 2018 ,
53 1955 202 2026 gaudium,
213 1957 261 2008 urbi
273 1957 353 2010 adest
365 1958 453 2012 omnis
464 1959 592 2013 laetitiae
603 1958 666 2012 sons
676 1960 763 2012 Deus.
788 1955 863 2019 Quid
933 1956 937 1999 ἑ
994 1936 1000 1945 ’

56 2034 155 2079 autem
172 2027 236 2096 novi
247 2032 302 2088 est,
325 2029 446 2079 aninrum
463 2044 530 2082 rere
543 2029 582 2096 pii
600 2028 721 2082 honrinis
740 2025 863 2096 gaudere

54 2097 166 2164 iugiter
178 2096 206 2147 in
219 2094 331 2148 mortali
341 2110 468 2166 corpore,
485 2113 567 2166 quum
579 2099 664 2163 idem,
682 2101 705 2151 si
715 2099 751 2150 ad
762 2095 863 2148 intima

52 2166 163 2219 tartari
185 2167 381 2234 demergatur,
412 2168 519 2242 nullum
540 2167 688 2222 felicitatis
715 2166 864 2218 detrimen·

50 2243 115 2288 tunr
129 2234 258 2290 facturus
268 2234 325 2287 siti
351 2235 514 2304 Ubicunque
528 2253 600 2305 pura
614 2237 708 2298 mens,
727 2235 768 2286 ibi
785 2233 862 2285 Deus

51 2313 116 2358 est:
136 2305 294 2372 ubicunque
306 2305 383 2358 Deus
395 2307 446 2371 est,
456 2306 653 2373 ibipnradisus
664 2308 718 2357 est:
737 2301 786 2354 ubi
797 2315 861 2362 coer

50 2375 114 2428 lum
128 2381 188 2438 est,
208 2373 246 2427 ibi
259 2375 379 2444 felicitas
394 2381 452 2430 ests
471 2376 519 2428 ubi
528 2375 648 2428 felicitas
665 2378 733 2437 est,-
744 2371 783 2423 ibi
796 2384 862 2438 gau·

48 2443 134 2498 dium
147 2451 196 2507 ¹est
212 2441 353 2498 rerum'et
370 2444 501 2497 alacritas
517 2445 635 2497 sincera.
673 2456 713 2494 su.
731 2442 862 2493 Attamen

47 2516 176 2568 suavius
187 2513 324 2578 viverent,
343 2508 368 2566 si
379 2517 472 2568 absint
482 2509 658 2570 incommoda
668 2510 814 2578 quaedam,
834 2513 863 2559 et

47 2585 195 2638 adessent
206 2583 426 2654 oblectamenta,-
441 2598 512 2651 quae
524 2583 566 2638 uel
578 2583 732 2650 negligunt,
752 2577 797 2630 rel
808 2588 875 2628 non¹
923 2582 934 2596 ⁴

44 2659 256 2724 assequuntur.
292 2667 342 2706 un.
365 2653 442 2716 Quae
453 2667 519 2706 uero
529 2651 597 2704 mihi
607 2665 704 2702 narras
714 2649 864 2700 incommo.

44 2726 105 2777 dal
129 2737 206 2792 quae
218 2721 280 2790 lege
292 2721 430 2774 communi
442 2713 864 2774 comitanturconditiouenrhu·
902 2743 904 2748 ‚
948 2769 954 2792 ζ

28 2791 190 2847 'nrannmt
210 2792 319 2852 fantem,
331 2793 416 2855 sitim,
426 2791 561 2854 morbum,
572 2788 775 2854 mutitudinem,
785 2803 862 2842 seue·

79 2868 183 2920 Enis-
195 2862 282 2914 Conu.
292 2863 325 2914 T.
338 2862 371 2914 11.
550 2909 552 2912 ,
613 2860 639 2925 Q
