2176 3256
201 259 206 366 j
307 263 594 357 rueroobrrrA.
648 263 654 284 ⁸
779 343 783 348 .
835 299 854 356 s
916 277 952 350 s

46 403 128 455 casus
139 402 289 465 essetncn
299 401 417 457 crimen:
435 418 487 456 nec
496 403 585 472 magis
597 406 729 474 imputari
740 411 855 475 poteret

45 471 215 539 vobisquam
221 471 339 536 medico,
349 475 397 540 qui
407 489 607 542 nonnunquam
616 477 719 530 occidit
730 492 855 546 aegrum,

47 557 128 610 quom
139 546 228 594 curat.
263 541 345 593 Ferri
356 549 467 611 poterat
478 542 532 596 hoc
542 546 659 609 malum,
678 547 703 597 si
712 547 853 599 mensibus
933 537 950 548 ”
1014 549 1021 574 “

46 611 196 664 dumtaxat
206 609 330 664 bibernis
340 613 529 667 extruderetis
540 620 635 667 rostro
664 615 855 681 urulcnta;r'·i·
892 607 897 626 ‘

46 680 610 752 gortcmporismitigaretpestilentiam.
675 700 728 736 unc
737 685 855 740 nectutis

46 749 178 806 incendio
189 756 299 818 putrem
312 752 416 806 additis
426 756 586 821 moteriom3
608 760 785 819 autumnum,
805 768 856 824 per

46 837 77 874 se
88 825 246 883 nocentem,
255 819 376 874 redditis
386 819 584 878 nocentiorem.
600 826 749 893 Quumque
758 826 814 878 ium
825 841 856 879 se

46 895 167 958 renovet
176 904 274 952 annum
291 896 320 943 et
331 889 461 944 humores
467 895 578 949 conditi
586 912 649 950 sese
659 911 757 948 rursus
766 895 858 964 proie-

46 967 128 1026 runt,
147 975 204 1013 non
218 961 326 1028 absque
337 974 485 1029 corporum
501 965 640 1032 periculo,
661 965 703 1018 ibi
717 979 769 1017 vos
779 970 857 1017 totos

46 1041 161 1084 menses*
170 1029 240 1083 duos
249 1031 429 1099 tyrannidem
440 1037 594 1101 occupatis,
606 1042 635 1089 et
642 1034 706 1088 anni
713 1051 857 1098 renascen-

46 1101 84 1154 tis
95 1100 244 1152 infantium
257 1103 394 1162 accersito
405 1101 484 1153 senio
496 1105 612 1158 ritimis.
640 1107 786 1173 Quumque
803 1103 858 1160 hoc

45 1170 200 1226 meditetur
209 1176 320 1234 natura,
340 1176 372 1222 ut
383 1179 502 1236 corporo
510 1179 598 1222 succro
608 1175 799 1229 insalubribus
810 1179 856 1229 ie·

44 1247 179 1312 purgata,
190 1241 271 1312 npvis
282 1240 374 1294 succis
383 1237 578 1306 repubescant,
598 1256 648 1294 vos
657 1245 786 1312 ingeritis
796 1260 856 1298 me-

45 1327 96 1366 ros
105 1319 225 1381 putores
235 1323 382 1376 merssque
392 1307 496 1374 sanies3
508 1315 544 1377 ct,
554 1312 654 1380 siquid
665 1317 746 1366 estin
760 1329 858 1382 corpo·

44 1383 128 1436 ribus
138 1382 210 1444 vitii,
220 1379 341 1446 augetis,
352 1377 542 1431 malum-maio
552 1379 722 1448 adiicientes,
734 1385 860 1437 ethninos

45 1453 165 1518 insuper
174 1447 304 1516 corporis
312 1462 411 1500 succos
422 1456 637 1516 corrumpentes.
654 1453 785 1504 Tolernri
796 1460 859 1520 pot·

31 1568 38 1574 ..
46 1528 115 1576 erat
126 1519 181 1572 hoc
192 1533 309 1586 quoquo,
327 1518 473 1570 sitantum
484 1531 604 1586 corpora
612 1519 767 1576 vitiaretis:
787 1533 861 1572 nuno

46 1591 186 1662 quoniam
197 1604 232 1641 ex
242 1587 367 1641 ciborum
379 1586 546 1642 differentiis
556 1589 692 1642 vitientur
702 1591 861 1644 animorum
882 1643 885 1648 .

47 1675 166 1731 organa,
177 1659 217 1723 fit,
226 1663 258 1711 ut
267 1659 324 1727 ipsi
333 1657 469 1711 vitientur
479 1658 574 1712 animi.
598 1660 684 1714 Tales
694 1659 861 1721 fereridous

6 1739 13 1752 '
44 1730 178 1797 homines
192 1730 264 1783 istos
280 1728 468 1798 pisculentos,
486 1729 587 1797 “qualos
601 1737 668 1784 sunt
685 1733 739 1799 ipsi
753 1730 861 1800 pisces3

49 1802 170 1870 pallent,
181 1800 267 1864 olent,
277 1806 398 1869 stupent,
410 1800 481 1852 muti
490 1805 563 1853 sunt.
582 1814 624 1855 ss.
634 1801 660 1854 0
671 1817 773 1856 novum
783 1801 860 1856 Tha·
889 1815 894 1818 ·

50 1871 151 1930 ietemi
163 1871 239 1935 Quid
247 1871 336 1940 igitur
346 1871 526 1939 sopiunt„qni
536 1870 609 1924 betis
619 1871 767 1925 victitant!
777 1873 860 1926 nimi-

50 1957 114 1996 rum
121 1947 254 2010 quantum
264 1943 344 2010 ipsae
353 1940 452 1996 hetaoi
462 1942 536 2004 uuio
547 1941 667 2012 sapiunt,
677 1943 724 2011 qui
734 1945 820 1999 bores
830 1949 862 1997 et

51 2027 121 2068 ores
133 2017 163 2066 et
174 2028 270 2081 capras
282 2012 439 2066 devoranti
453 2013 582 2066 nimirum
593 2013 668 2084 quod
679 2014 775 2077 bores,
786 2027 862 2076 oues,

7 2143 8 2148 ἵ
51 2090 82 2137 et
93 2083 211 2150 capraei
223 2083 278 2136 Vos
289 2081 396 2138 hoedos
407 2097 458 2152 pro
470 2083 581 2137 deliciis
591 2083 721 2146 venditis,
732 2089 863 2136 ettamen

49 2151 229 2215 inconcinni,
240 2159 273 2205 ut
283 2161 326 2207 cst
338 2156 436 2208 morbo
447 2153 585 2208 comitiali
595 2153 755 2217 obnoxium,
765 2153 808 2206 its
818 2153 862 2222 gi*

50 2221 240 2294 gnitoundem
247 2224 374 2277 morbum
384 2225 414 2276 in
424 2223 477 2287 bis,
489 2225 535 2290 qui
542 2222 863 2296 gaudentesucarninm.

49 2295 94 2350 An
110 2307 166 2346 non
183 2293 355 2360 praestabat,
376 2293 555 2346 misamentis
572 2293 687 2362 placare
709 2292 865 2344 latrantem

51 2361 244 2420 stomachum!
258 2377 302 2415 ns.
315 2365 402 2427 Quasi
412 2363 504 2416 sotum
514 2361 569 2415 hoc
579 2362 690 2417 mentiti
700 2361 756 2432 sint
767 2371 863 2419 rerum

51 2433 228 2500 naturalium
239 2425 400 2502 scriptores.
410 2435 447 2487 Et
458 2435 481 2487 si
492 2433 614 2486 maxime
623 2445 720 2486 vorum
731 2429 778 2492 sit,
789 2425 864 2495 quod

52 2511 183 2568 narrant3
195 2505 358 2572 corporibus
372 2505 471 2556 morbo
488 2503 614 2556 obnoxiis
625 2515 717 2569 saepe,
729 2512 801 2566 quse
810 2509 862 2563 por

52 2589 83 2628 ae
94 2574 203 2642 optima
214 2578 286 2634 suot,
297 2573 418 2642 pessima
427 2578 500 2624 sunt.
532 2572 659 2648 Hecticis
670 2584 704 2624 oc
714 2565 863 2647 phthisicis

52 2643 201 2696 vendimus
212 2641 332 2706 hoedos,
352 2659 408 2696 nou
417 2638 605 2709 vertiginosis.
641 2655 683 2693 ss.
705 2637 863 2704 sipisemrn

55 2729 120 2766 osus
130 2718 238 2767 tantem
249 2713 398 2783 perniciem
415 2711 510 2768 udiert
525 2713 609 2765 rebus
620 2706 794 2769 mortalium,
814 2717 864 2758 cur

56 2784 139 2838 nobis
159 2781 320 2852 praesulum
338 2799 373 2837 ac
390 2781 545 2853 principum
561 2780 701 2834 sententio
715 2777 783 2832 licet
797 2779 863 2860 toto

56 2869 130 2912 nuno
149 2860 262 2914 uuttm
280 2869 388 2912 marces
404 2851 567 2913 divendere,
586 2847 667 2900 vobis
681 2848 782 2902 bonnm
797 2859 870 2905 auur.
