2186 3258
318 187 626 281 urrcunuuss
691 193 699 200 ’
808 219 860 276 aas

7 311 9 321 ἱ
65 331 172 383 (lineet
184 331 320 383 stomachi
337 329 506 397 appetentia.
538 328 610 380 Cave
628 325 715 394 igitur
730 295 860 394 nutusul·

2 433 3 436 =
65 401 123 452 lunt
135 395 575 456 Lucullunrcoenareirrcundius,
595 397 732 462 appusitis
742 397 859 461 perdici·

64 470 127 530 bus,
138 466 286 534 phasianis,
304 469 467 529 turturibus,
488 465 630 532 leporinis,
652 464 745 526 scaris,
756 465 859 527 siluris,

66 545 116 590 aut
126 538 275 600 muraenis,
297 553 378 604 quarn
390 539 432 586 vir
450 535 522 604 pius,
543 533 647 585 cibario
658 545 737 598 pane,
758 531 861 584 holeri-

65 605 175 658 busaut
185 605 451 672 leguminibuapotu
462 602 649 669 velaquacrel
658 602 808 653 cerevisiae
818 607 862 654 ts·

63 677 129 728 auls
137 673 181 726 rel
190 675 248 726 vini
259 675 344 741 probe
356 674 452 725 diluti:
465 680 611 739 propterca
622 671 697 738 quod
708 669 776 724 hacc
786 670 860 722 acci·

64 746 119 812 pit,
138 748 270 810 tanquam
283 745 383 794 missus
395 757 412 794 a
422 743 540 808 benignu
551 747 631 808 patre
645 742 739 792 datust
769 739 863 791 omnia

64 811 163 865 condit
172 812 375 876 crati0,omnia
385 811 538 862 sanctificat
550 813 672 877 precatio
684 808 862 882 praecedens,
943 860 950 870 ,

64 895 146 934 secra
157 880 242 933 lectio
260 895 373 943 cnnrcs,
391 882 479 949 magis
498 881 620 932 animum
639 881 766 930 reficiens
780 891 861 944 quarn

64 965 129 1002 asca
141 963 254 1015 corpus,
276 955 305 1001 et
315 953 468 1018 gratiarum
487 951 561 1000 actio
572 949 736 1000 succedens:
758 953 865 1015 postre-

63 1033 111 1070 mo
123 1018 243 1085 surgite
254 1033 349 1070 nrcnsa
359 1035 414 1070 non
424 1018 571 1080 distentus,
582 1017 630 1068 scd
641 1022 798 1079 recreatus,
809 1031 864 1066 nnn

64 1093 197 1150 onustus,
218 1087 267 1139 sed
278 1086 413 1150 refectus3
435 1094 463 1137 et
479 1084 602 1146 reiectus
621 1091 714 1136 niente
725 1085 828 1152 puriter
838 1092 867 1137 et

48 1169 194 1220 corpure.
225 1156 266 1207 An
278 1163 308 1207 tn
320 1162 401 1222 putus
417 1155 505 1204 ullunr
520 1153 636 1204 istarum
652 1154 804 1222 vulgat-iuna
818 1169 864 1205 cn·

64 1226 211 1294 pedianum
224 1223 406 1275 architectum
418 1223 558 1274 convivari
569 1222 734 1274 iucundinsl
759 1237 799 1274 se.
811 1215 867 1280 Sed

65 1297 96 1346 iu
109 1292 219 1344 Venere
236 1307 344 1350 summa
359 1297 403 1342 est
418 1291 582 1352 delectatio,
602 1291 627 1341 si
644 1291 708 1358 quid
719 1291 865 1344 Aristoteli

66 1360 220 1414 credimus.
249 1374 298 1411 nu.
311 1361 347 1412 Et
357 1357 408 1411 hac
418 1359 448 1410 in
457 1367 536 1426 parte
547 1361 632 1410 vincit
643 1359 724 1412 honio
737 1363 867 1428 pius,nun

43 1445 54 1456 “
66 1431 162 1483 atinus
173 1443 255 1494 quarn
265 1428 294 1478 in
305 1429 440 1480 convivio.
466 1429 533 1480 Rern
547 1430 586 1479 sic
596 1430 702 1496 accipe:
715 1430 776 1490 Qun
787 1427 867 1482 vulta·

67 1496 192 1550 mentior
204 1502 247 1548 est
258 1511 326 1563 erga
335 1509 449 1549 uxorem
457 1498 567 1558 caritas,
578 1497 630 1549 hoc
641 1513 805 1568 congressus
815 1499 866 1549 illc
911 1503 913 1510 “
959 1525 962 1530 -

68 1565 247 1620 connubialis
259 1575 301 1618 est
312 1567 467 1618 iucundior.
503 1567 669 1634 Nulliporro
681 1567 878 1620 vehementius-

70 1639 169 1690 amant
178 1649 281 1688 uxores
293 1649 373 1697 suas,
388 1649 468 1702 quam
481 1636 527 1703 qui
538 1649 585 1688 eas
597 1637 639 1688 sic
653 1637 870 1704 diligunt-sicut

70 1701 309 1758 Glitist'ustlilexit
324 1705 486 1757 ecclesium:
507 1719 569 1756 nant
586 1706 634 1772 qui
651 1721 698 1757 eut
715 1705 869 1772 voluptatis

70 1774 164 1843 gratia
174 1773 303 1842 diligunt,
313 1789 346 1826 ne
356 1773 608 1842 diligunt'quidcm.
636 1773 725 1838 Adde,
736 1774 868 1844 quudqno

71 1843 165 1896 rarior
175 1849 219 1896 cst
235 1859 294 1896 curn
311 1856 399 1896 uxure
415 1851 593 1912 congressus,
615 1840 669 1896 hoc
684 1849 729 1896 est
738 1845 869 1897 suavior:
923 1865 930 1878 ‘

71 1927 144 1982 quae
164 1927 210 1965 res
231 1928 284 1966 nec
301 1913 417 1981 impium
437 1919 549 1980 poetam
569 1913 661 1974 latuit,
677 1914 725 1981 qui
746 1914 869 1982 scripsit,

77 1979 237 2049 Voluptates
247 1984 422 2036 'conscendat
441 1982 535 2036 rarior
555 1998 620 2036 utus
634 1985 668 2045 ⁴).
704 1983 869 2052 Quanquam

71 2050 191 2103 minima
200 2053 355 2119 uoluptatis
366 2067 430 2119 pars
440 2051 469 2102 in
481 2052 556 2103 coitu
567 2053 622 2104 sita
632 2056 683 2104 est.
701 2051 798 2121 Longe
809 2067 868 2104 mu-

70 2120 116 2174 ior
126 2125 170 2173 cst
180 2121 210 2172 in
220 2127 355 2192 perpetuo
368 2122 514 2184 convictu,
534 2121 581 2188 qui
592 2123 665 2172 inter
675 2121 767 2172 nullos
778 2125 870 2188 potest
966 2137 973 2145 ·

26 2207 30 2212 ’
71 2203 135 2242 esse
145 2190 301 2252 iucundior,
312 2203 394 2257 quarn
406 2191 478 2242 inter
489 2204 545 2252 eus,
557 2190 645 2258 quise
657 2188 815 2242 Christiana
825 2203 871 2240 ca·

71 2259 158 2312 ritate
169 2260 317 2312 sinceriter
326 2265 430 2322 amant,
444 2265 474 2312 et
484 2266 578 2312 amant
589 2259 695 2326 pariter
705 2261 810 2309 mutuo.
837 2259 889 2309 ln.

1 2336 2 2346 ¹
72 2327 137 2380 aliis
154 2326 315 2395 frequenter
334 2343 396 2382 curn
411 2334 576 2382 sanescente
590 2327 735 2394 voluptate
752 2325 872 2378 senescit

1 2398 2 2406 ’
74 2411 163 2452 antur.
199 2398 358 2450 christiana
368 2399 473 2450 caritas
488 2397 541 2448 huc
551 2395 640 2462 magis
652 2392 780 2457 virescit,
816 2408 871 2460 qun

75 2469 164 2534 magis
180 2466 330 2520 delectatio
346 2467 438 2520 carnis
450 2466 597 2518 decrescit.
633 2464 673 2514 An
684 2461 805 2513 nonduin
818 2461 872 2512 tibi

1 2553 2 2558 ¹
74 2538 208 2604 persuasi,
220 2537 311 2602 nullus
321 2535 417 2588 viver's
427 2533 583 2594 iucundius,
593 2543 674 2598 quarn
686 2533 731 2597 qui
743 2546 802 2582 cunr
815 2531 873 2597 pis·

1 2771 3 2832 l

72 2611 134 2658 tutu
146 2605 267 2674 degenti
285 2606 445 2658 cautinum
455 2603 553 2656 itirletn
564 2602 602 2653 sit
612 2613 774 2666 persuasum
786 2600 873 2651 onini-

72 2673 139 2726 bus!
162 2689 213 2728 un.
226 2673 307 2739 Quod
318 2676 341 2725 si
353 2673 483 2742 Epicurei
493 2676 567 2735 sunt,
578 2669 624 2738 qui
635 2667 759 2724 suaviter
768 2669 872 2731 vivunt,

99 2761 119 2810 ‘)
131 2756 247 2801 luvenalis
255 2757 303 2801 Sat.
311 2756 356 2801 xl.
