2186 3258
93 247 199 324 ..¹'-;
317 253 628 310 arrcuaaus.
709 277 714 286 ·
807 213 905 311 aar*

329 351 331 356 .
564 325 571 356 i
735 329 738 335 '

60 364 133 428 quot
153 357 262 412 aulicae
282 357 419 418 foeminam
440 360 601 428 frequenter
620 359 806 426 appellabant,
826 366 858 414 ut
919 377 926 386 ·
985 367 987 374 '

61 431 257 496 acciperentur
268 429 302 480 ab
314 445 348 482 eo
359 429 493 490 convivio,
515 427 612 480 sordes
624 435 652 479 et
661 429 858 494 parsimoniam

62 501 279 566 opprobrantes:
298 501 411 562 annuit3
429 499 564 549 inritavit.
583 495 727 548 Venerunt
739 497 858 560 ieiunae,
900 529 902 536 ,

63 583 120 632 quo
135 565 267 618 libentius
285 569 471 634 epularentur.
505 566 709 619 accubuerunt:
727 565 797 616 nihil
813 566 864 618 ab.

63 641 136 698 crat,
147 642 177 686 ut
187 637 342 700 violabatur,
358 635 547 688 lautitiarum:
566 636 711 700 explerunt
721 649 782 686 sese
792 633 859 688 atla·
877 685 882 690 ,

62 705 132 756 tim.
162 704 278 758 Peracto
292 706 428 766 convivio,
439 711 555 771 egerunt
566 703 737 756 convivaturi
746 699 860 770 gratias

62 771 381 828 acdisccsscruntsuam
393 773 649 842 quaequedomum.
676 775 786 824 Atmox
798 787 862 826 cos·
912 820 922 836 ,

25 883 26 888 ,
61 844 107 909 pit
118 843 259 896 oblatrare
270 842 443 894 stomachus:
461 841 633 894 demirantur
647 842 713 908 quia
722 847 797 893 essct
808 839 861 899 hoc

63 912 201 975 monstri,
217 911 313 976 statim
328 929 346 964 a
356 912 475 980 prandio
485 919 542 967 tara
553 910 702 982 splendido
711 912 817 962 morire
828 923 862 962 ac

62 981 157 1033 sitire.
192 981 247 1032 Res
257 980 370 1034 tandem
383 983 483 1048 erupit,
494 988 523 1034 et
532 981 562 1031 in
571 982 657 1032 risum
668 980 746 1032 abiit.
774 993 815 1031 sr.
825 979 873 1048 lit

61 1051 181 1102 merito:
199 1053 378 1117 praestiterat
403 1050 479 1101 domi
497 1050 631 1102 lenticula
640 1049 864 1116 placare‘stoma·

63 1116 159 1180 chum,
172 1135 253 1186 quam
264 1119 521 1183 inanibus'spectris
533 1117 667 1168 deliciari.
685 1131 735 1178 aas.
745 1119 781 1169 At
793 1117 865 1168 mihi

61 1187 179 1239 videtur
189 1189 280 1239 multo
298 1187 385 1254 magis
403 1201 463 1237 esse
479 1187 641 1248 ridiculum,
662 1185 762 1254 vulgus
778 1185 865 1239 honri·
886 1191 888 1196 ’

62 1271 134 1306 ιιιιιιι
146 1271 196 1322 pro
207 1257 280 1307 veris
290 1257 369 1306 bonis
379 1255 474 1308 inanes
492 1255 629 1306 bonorum
638 1255 752 1316 ,umbras
764 1257 866 1322 amplc-

64 1323 120 1390 cti;
139 1324 223 1376 ethis
234 1321 394 1389 praestigiis
405 1321 550 1387 delectari,
573 1338 644 1391 quae
654 1340 708 1376 non
720 1325 864 1377 exeuntia

60 1393 166 1454 risum,
188 1391 236 1442 sed
248 1393 276 1442 in
287 1391 379 1452 luctus
396 1393 588 1459 sempiternos.
625 1407 666 1444 sa.
678 1392 739 1455 Quo
751 1394 864 1460 propius
900 1393 904 1401 '

63 1462 197 1523 intueor,
214 1456 551 1514 boemibividereminus
563 1461 777 1528 abs'urdaloqni.
813 1473 864 1512 aa.

63 1531 136 1596 Age,
156 1528 319 1594 largiamur,
339 1529 491 1582 utinterim
502 1532 530 1580 in
545 1530 806 1596 nomenroluptatis
817 1543 866 1581 vc-

63 1601 161 1661 niant,
182 1612 251 1664 quae
262 1612 293 1649 re
302 1613 371 1652 cera
384 1613 438 1650 non
450 1606 526 1650 sunta
541 1599 866 1667 *appellaresncmulsum

63 1667 157 1728 dulce,
176 1669 221 1717 cui
240 1667 324 1734 longe
343 1667 406 1732 plus
426 1664 667 1720 essotadmixtnm'
686 1668 762 1720 aloes
782 1681 865 1735 quarn

66 1733 179 1786 mellist
214 1735 328 1787 smilion
344 1735 483 1799 dicerem,
503 1737 584 1789 sicel
598 1739 686 1790 triens
702 1737 780 1802 aloes
792 1741 866 1790 essct
903 1783 922 1800 .,

67 1803 219 1856 adnrixtus.
261 1819 311 1854 aa.
332 1809 388 1856 Aut
409 1811 520 1871 optares
536 1806 715 1859 tibi‘malam
735 1806 865 1872 scabiem,
901 1821 903 1855 ι
953 1807 958 1828 ’

67 1871 143 1944 quod
154 1872 296 1938 scalpe'ndi
306 1873 344 1924 sit
354 1873 446 1940 aliqua
454 1875 599 1942 uoluptast
627 1885 667 1928 sa.
678 1875 750 1941 Non,
760 1875 866 1928 sicom-
882 1887 908 1948 ιΧ

68 1956 122 2010 pos
133 1943 185 1992 sim
197 1942 306 1993 urentis.
340 1955 391 1996 aa.
402 1943 460 1994 Fac
469 1944 557 2011 igitur
569 1951 660 1998 tecam
672 1945 809 1998 subducas
821 1959 866 1998 ra·

69 2012 183 2073 tionem,
203 2015 549 2078 quantumamaritudinis
569 2014 725 2067 admixtum
744 2017 783 2066 sit
802 2013 866 2066 istis
925 2072 929 2078 ,

54 2113 56 2118 .
70 2079 144 2132 ialso
154 2080 266 2132 nominc
276 2080 487 2148 voluptatibus,
510 2098 576 2151 quas
588 2083 678 2152 gignit
690 2099 768 2137 amor
777 2085 866 2150 impu·

71 2148 175 2218 dicus,
202 2149 289 2202 libido
309 2149 430 2215 illicite,
451 2155 618 2206 comessatio
639 2168 672 2207 ac
692 2147 883 2206 temulentia!

70 2217 177 2291 Omitto
189 2233 270 2280 nunc,
293 2220 365 2286 quod
377 2225 421 2272 est
431 2222 554 2277 omnium
569 2227 664 2288 caput,
677 2220 867 2274 conscientiae

70 2287 219 2350 cruciabis,
229 2288 402 2342 inimicitiam
413 2304 475 2342 curn
486 2292 557 2356 Deo,
574 2290 810 2356 exspectationem
822 2301 867 2338 ac·
949 2335 952 2350 ‚

25 2359 26 2362 ’
72 2357 143 2409 terni
158 2357 296 2424 supplicii.
333 2358 415 2420 Quod
437 2360 553 2412 obsecro
571 2362 601 2428 in
616 2357 659 2408 bis
675 2353 867 2422 uoluptatibus

70 2437 161 2492 genus
172 2433 224 2490 cst,
237 2425 309 2494 qued
321 2441 376 2480 non
387 2428 485 2495 ingens
497 2433 675 2480 externorum
686 2426 769 2476 etiam
781 2422 868 2474 malo·

72 2491 135 2546 rum
157 2509 255 2562 agmen
273 2511 366 2548 secum
388 2495 528 2549 adducat!
562 2509 603 2548 su.
623 2491 782 2554 Quaenami
817 2503 868 2543 aa.

73 2563 180 2616 Rursus
191 2565 352 2618 omittamus
364 2564 525 2626 avaritiam,
534 2564 722 2624 ambitionem,
731 2563 810 2624 iram,
820 2571 869 2611 sn·

74 2633 212 2702 partiam,
231 2633 378 2699 invidiam,
399 2649 472 2703 quae
487 2647 538 2699 per
553 2647 583 2685 se
593 2630 687 2682 tristia
702 2635 768 2680 sunt
778 2627 867 2680 mala:
946 2697 952 2701 ἱ

76 2701 250 2756 conferamus
258 2702 310 2756 illa
320 2703 542 2773 quaepraecipuc
552 2701 746 2758 delectationis
756 2700 869 2750 nominc

76 2769 314 2826 commendantur.
351 2773 441 2838 Quum
457 2771 576 2844 largiori
589 2769 729 2838 potationi
743 2765 869 2822 succedit
