2176 3256
202 219 206 230 '
270 239 607 300 rxeuooArrA.
786 233 852 304 is

36 349 137 399 contra
145 360 270 398 sensum·
279 345 354 416 legis
369 347 538 418 pontificiae,
549 347 663 400 fratrem
674 341 852 416 imbecillem,

36 417 137 484 spiritu
159 421 344 486 promptum,
365 419 531 484 corpusculo
551 417 704 480 isrflrmum,
725 419 760 470 ad
777 433 851 472 mor·

35 492 90 539 tem
103 485 304 554 attiguae-sut
313 488 441 541 morbum
453 487 712 539 mortedurioremi
727 501 770 539 uu.
781 487 851 558 Sug-

37 557 109 624 gerit
117 555 256 608 mihitua
269 557 499 610 commemoratio
508 555 648 625 quiddam,
656 555 729 622 quod
740 557 853 609 antebi·
919 582 922 588 ·

38 627 148 678 ennium
163 625 237 677 vidi.
248 626 366 678 Erotem
379 623 555 691 nosti,vlrum
567 626 623 679 ium
635 631 703 677 natu
709 625 855 694 grandem,

36 695 172 747 videlicet
183 695 414 764 sexagenarium:
426 697 587 750 valetudine
598 695 659 762 plus
667 710 748 762 quam
756 692 855 760 vitrea,

33 769 92 816 tum
105 765 288 834 quotidianis
299 767 509 834 morbis,iisque
517 765 713 827 atrocissimis,
722 763 855 832 gravissi·

33 835 146 902 unisque
158 835 320 894 studiorum
332 835 475 888 laboribus
487 836 526 886 sie
537 834 649 898 afflicte,
670 841 702 885 ut
714 835 761 885 rel
772 832 855 885 lllilo·

33 905 225 972 nempossint
234 905 370 958 deiicere:
382 901 856 972 adhaecoccultaquudumuaturae

33 975 239 1042 proprietate,
260 975 306 1027 rel
321 989 339 1025 u
352 990 438 1042 puero
449 974 490 1026 sic
502 980 531 1027 et
542 972 695 1026 abhorrens
706 988 725 1024 a
734 973 854 1040 piscium

34 1059 85 1096 esu
95 1051 126 1097 et
137 1043 294 1110 impatiens
306 1044 464 1108 inediue,ut
473 1057 612 1110 nunquam
626 1041 655 1093 id
666 1043 785 1095 tentarit
793 1044 855 1095 abs·

34 1129 88 1180 que
107 1113 216 1180 eapitis
228 1111 404 1167 discrimine:
423 1119 564 1181 postremo
585 1111 745 1180 diplomatis
760 1110 854 1180 ponti·

33 1185 118 1234 ileum
131 1181 247 1236 abunde
259 1183 443 1235 communitus
454 1179 774 1240 adversus-Pherinium
799 1181 852 1234 liu·

35 1267 115 1320 guas.
154 1251 184 1303 ls
195 1267 293 1321 nuper,
307 1268 341 1306 eu
351 1253 515 1306 vocantibus
526 1252 634 1315 umicis,
644 1253 778 1305 inviserat
788 1251 853 1305 civi·

33 1329 126 1375 tatem
147 1322 410 1389 Eleutheropolim,
431 1339 485 1376 non
500 1323 616 1374 omnino
627 1336 677 1373 suo
688 1321 793 1375 nomini
803 1333 849 1375 re·

34 1392 235 1460 spondentem.
260 1393 345 1453 ‚Erut
364 1400 456 1446 autem
475 1391 851 1461 quadragesimae'tempuss

37 1461 120 1514 datus
134 1467 183 1516 est
192 1477 265 1514 unus
275 1470 359 1530 atque
370 1465 443 1516 alter
455 1463 514 1516 dies
529 1460 851 1515 amicorumaffectibus.
881 1517 884 1526 ,
956 1504 959 1508 .

35 1532 154 1585 Interim
177 1533 346 1586 vescebatur
366 1534 503 1601 piscibus,
526 1548 561 1585 ne
583 1545 663 1600 quem
684 1529 852 1594 offenderet,
952 1553 955 1558 Α

36 1617 122 1670 quum
135 1601 257 1655 haberet
269 1609 384 1670 praeter
392 1595 592 1658 necessitatem
601 1595 851 1668 a·pontificediplo·

36 1687 110 1754 ma,
119 1687 174 1740 per
186 1671 262 1740 quod
272 1673 376 1728 licebat
389 1675 465 1728 vesei
481 1671 660 1742 quibuslibet.
697 1671 754 1723 lum
766 1683 849 1738 pruo-

36 1745 184 1796 sentrebat
212 1743 341 1796 morbum
371 1741 576 1805 imminentem,
613 1754 695 1808 quem
728 1735 851 1794 babebat

34 1811 226 1876 familiarem,
256 1814 309 1866 sed
331 1821 422 1866 morte
443 1811 651 1866 crudeliorem:
681 1813 763 1876 purat
786 1809 848 1862 ‘ebi-

36 1887 111 1944 tum,
140 1887 171 1948 et
192 1883 380 1952 resurgebat,
402 1883 456 1936 nisi
466 1883 615 1935 maluisset
623 1879 664 1932 ibi
675 1879 849 1935 decumbere„

35 1951 78 2003 lbi
100 1951 219 2018 quidam
231 1955 422 2020 suspicantes,
440 1951 520 2005 illurn
542 1951 594 2004 boc
606 1949 742 2013 maturius
761 1946 850 2013 abira,

37 2020 112 2087 quod
135 2036 194 2074 uon
219 2020 308 2075 ferret
336 2037 413 2075 esum
446 2023 580 2090 piscium,
612 2019 786 2084 effecerunt,
815 2023 850 2070 ut

38 2087 261 2158 Glaucoplutus,
281 2093 331 2144 vir
349 2091 477 2159 apprime
497 2091 616 2154 doctus,
644 2093 673 2142 et
692 2090 799 2158 primus
818 2088 851 2140 iu

36 2174 70 2212 ea
87 2161 238 2227 republica
256 2161 453 2224 auctoiitalis,
475 2160 593 2213 Erotem
615 2159 749 2212 invitaret
768 2169 850 2209 suum

35 2229 71 2281 ad
92 2230 278 2282 ientaculum.
315 2233 397 2296 Eros,
427 2231 483 2282 iam
511 2232 613 2283 turbae
641 2235 735 2291 satur,
764 2237 849 2292 quum

36 2301 63 2350 in
83 2299 203 2366 publico
226 2299 383 2353 diversorio
402 2300 500 2352 uiture'
516 2315 573 2352 non
599 2301 723 2366 poterut,
755 2309 849 2346 assen-

37 2383 82 2420 sus
93 2374 154 2432 est3
175 2367 227 2421 sed
237 2366 290 2420 hac
296 2363 362 2437 lege
368 2371 383 2434 ,'
394 2367 506 2438 nequid
517 2373 592 2422 esset
604 2373 848 2435 apparatuspras·

36 2445 79 2492 ter
99 2453 157 2492 ova
177 2437 249 2503 du03
281 2451 353 2506 quoe
371 2435 450 2492 stans
471 2439 520 2491 ubi
537 2439 717 2497 comedisset,
746 2443 849 2510 equuus

36 2506 252 2576 conscenderet.
289 2507 458 2560 Promissum
470 2515 514 2560 est
524 2508 567 2560 ita
578 2505 648 2560 iore.
683 2503 739 2556 ubi
755 2509 847 2554 eore-

33 2579 87 2644 uit,
107 2583 229 2647 paratus
240 2582 304 2630 erut
314 2577 413 2645 pullus
424 2577 604 2645 gallinaceus.
640 2575 720 2628 Enos'
734 2570 849 2638 indigne

31 2646 141 2712 ferens,
163 2653 280 2715 praeter
289 2661 345 2698 ovs
352 2646 423 2700 nibil
434 2649 545 2717 attigit,
566 2651 594 2697 st
606 2642 773 2709 abrumpens
785 2653 848 2710 eou-

30 2717 156 2780 virium,
189 2717 355 2782 conscendit
377 2731 478 2783 equos,
509 2711 709 2780 deducentibus
731 2708 849 2763 eruditis
960 2753 961 2756 ,

29 2786 158 2862 aliquos.
174 2783 261 2842 ¹¹Eius
269 2785 344 2858 pulli
352 2784 542 2842 uidor'ueseio
554 2794 614 2856 quo
621 2779 705 2836 modo
716 2790 850 2855 perreue-
