2176 3256
172 321 189 397 ,’
283 339 627 404 rxorouarra
824 347 859 404 ro
894 337 896 350 '
944 331 948 336 '

42 417 101 501 'het'
107 447 176 514 legis
188 445 311 499 divinae.
333 445 449 518 serou
461 449 531 501 satis
544 463 679 522 asscqpor
690 441 764 518 qaod
777 451 857 505 dicis.
931 476 934 487 =

52 533 93 569 ost
106 517 206 570 Dicam
224 517 410 584 explanatius.
447 517 858 575 Lexdivinaiubetsubvenire

52 589 177 656 perenti3¹
189 585 359 639 Pharisaeus
382 587 593 655 interpretatur,
614 587 739 644 hocesse
760 590 857 644 datum
926 600 929 607 ’

51 659 130 726 petri,
140 657 216 726 quud
226 658 342 718 missum
350 663 396 725 cst
406 657 434 708 in
447 661 596 724 corbonam
607 661 639 726 ¹*),
650 675 684 713 eo
696 660 771 726 quod
781 662 857 713 Deus
948 683 949 688 ¹

52 729 86 779 sit
95 735 176 798 pater
186 731 319 782 omnium.
355 728 454 780 Nonne
464 727 530 780 lsoic
539 730 769 798 interpretationi
781 731 857 782 cedit

51 798 217 851 lerdiviaat
245 798 360 852 sn.lstu
374 795 482 863 quidem
499 797 576 872 falso,
590 800 788 872 interpretatio
805 807 858 854 est.
896 798 899 806 '

1 874 3 880 ’
51 881 93 920 us.
107 866 164 920 Sed
180 873 365 935 posteaquam
379 861 438 920 illis
450 870 537 922 semel
555 867 661 922 tradita
670 878 715 924 est
724 873 859 937 interpre-

50 931 303 999 tandiauctoritas,
318 937 392 989 unde
402 937 472 996 mihi
483 939 634 1002 constabit,
652 943 732 992 cuius
742 938 780 991 sit
791 953 859 994 vera
957 985 972 1000 „

49 1008 257 1074 interpretatio,
268 1008 388 1059 maxime
400 1008 424 1058 si
435 1009 491 1074 ipsi
501 1011 576 1062 inter
586 1008 804 1085 sedissentiantl
816 1025 857 1064 ss.

50 1077 79 1131 Si
99 1078 191 1130 minas
200 1075 353 1141 satisfecit
366 1077 420 1130 tibi
435 1089 544 1146 sensus¹
555 1084 721 1144 communis,
742 1095 859 1148 sequere
921 1123 927 1130 κ

46 1148 208 1216 praesulum
219 1147 432 1211 auctoritaten13
443 1145 472 1198 id
483 1149 655 1202 tutissimum
667 1158 718 1213 est.
730 1151 858 1218 calago

46 1218 263 1272 Pharisaeorum
279 1223 308 1269 et
316 1215 479 1269 ‘Scribarum
497 1219 650 1272 auctoritas
666 1217 799 1273 devoluta
815 1228 859 1274 est

46 1289 84 1341 ad
93 1287 245 1354 theologos
256 1294 284 1340 et
296 1287 530 1340 concionatoresl
545 1304 587 1342 ss.
598 1289 659 1342 Est.
675 1305 721 1342 us.
732 1290 788 1344 Sed
799 1291 859 1342 nul·

45 1359 92 1412 los
102 1358 189 1411 audio
200 1357 374 1424 frequentius
382 1357 569 1422 inculcantes,
589 1359 706 1422 Audite,
727 1375 781 1429 ego
793 1355 858 1412 di‘co

45 1429 145 1490 vobis,
165 1442 249 1495 quarn
267 1441 316 1480 eos
333 1428 380 1494 qui
397 1443 536 1496 nunquam
547 1431 655 1481 versati
668 1435 732 1480 sunt
743 1431 771 1480 in
783 1430 860 1497 pale·

46 1499 116 1550 stris
125 1497 306 1566 theologicis.
319 1512 360 1549 ss.
372 1497 475 1550 Audies
486 1512 583 1550 omnes
595 1497 725 1562 candide,
735 1499 785 1550 sed
797 1513 859 1550 cum

46 1569 171 1634 indicio,
192 1567 276 1620 modo
291 1582 327 1620 ne
337 1567 505 1634 simpliciter
515 1569 665 1621 insaniant.
701 1569 773 1624 Tum
785 1569 860 1620 enim

46 1644 165 1705 oportet
173 1637 305 1705 populum
317 1651 378 1688 cuns
391 1637 475 1690 sibilo
488 1652 612 1706 surgere,
624 1643 680 1705 quo
690 1653 768 1690 suam
776 1633 861 1714 agno·
942 1681 944 1686 .

44 1714 126 1760 scant
142 1708 322 1761 dementiam.
360 1708 604 1776 Ceterumlquibus
623 1707 742 1774 contigit
757 1707 858 1760 titulus

44 1779 187 1840 doctoris,
206 1775 250 1832 his
261 1781 373 1844 oportet
383 1776 480 1830 fidere.
516 1793 561 1830 nn.
582 1775 685 1830 Verum
698 1779 725 1828 in
738 1775 783 1830 his
792 1793 859 1846 quo·

43 1865 98 1918 que
109 1849 255 1914 comperio
265 1846 414 1899 nonnullos
426 1847 513 1910 multo
524 1848 651 1900 rudiores
668 1864 700 1899 ac
711 1849 857 1900 stultiores

42 1919 113 1984 illis,
124 1919 175 1988 qui
187 1927 303 1984 prorsus
313 1921 379 1969 sunt
388 1916 533 1970 illiterati:
553 1926 582 1970 ot
593 1919 667 1970 inter
679 1917 857 1970 doctissimos
926 1975 934 1992 ⁶

42 1989 147 2042 miram
159 1987 478 2040 videocontroversiam.
490 1989 619 2056 suidiger
631 2003 701 2056 quae
712 1990 857 2068 suntsupti·

42 2075 107 2124 ma;
131 2058 304 2124 inexplicata
316 2057 381 2110 aliis
397 2057 562 2140 relinquito,
584 2075 618 2123 ea
634 2073 744 2125 semper
755 2060 859 2126 ample·
958 2067 961 2074 '

44 2128 861 2196 utens,quacprocerumetmultrtudinisconsensusappro·

44 2199 134 2251 bavit.
147 2215 194 2250 nn.
202 2197 276 2260 Scio,
286 2198 360 2248 istuc
370 2211 431 2249 asse
442 2200 537 2250 tutius.
549 2197 712 2266 Suntigitur
720 2206 749 2250 ct
758 2201 860 2248 consti·

45 2269 175 2322 tationes
186 2269 310 2334 iniquae,
332 2267 564 2335 quemadmodum
577 2274 640 2320 sunt
651 2268 862 2334 interpretatio-

43 2337 310 2408 restauraretur
321 2337 387 2400 sint,
398 2336 588 2402 aliividerint3
600 2339 789 2390 arbitroresse
796 2351 859 2402 pos·
878 2352 893 2370 -

42 2424 83 2461 se.
94 2423 142 2460 as.
149 2409 246 2474 Annas
257 2413 286 2458 et
293 2405 412 2474 caiphas
419 2405 730 2473 habebantpotcstatcm
738 2405 858 2457 corsden-

43 2478 73 2529 di
83 2477 231 2546 leges”)l
248 2476 451 2528 si.llabebant.
468 2475 593 2526 uallum
606 2475 703 2526 horum
715 2473 813 2542 quavis
824 2473 859 2525 de

40 2562 72 2601 re
79 2545 304 2602 constitutiones
310 2545 641 2630 obligabantadpocnam
644 2543 805 2613 gehenuae?
818 2555 856 2596 ss.

69 2689 90 2744 ⁸)
112 2641 264 2759 ιιᾘῆαἲο
280 2689 382 2746 Syrisce,
398 2688 478 2770 ΉἾΡ,
492 2689 620 2741 Hebraice,
642 2685 731 2733 oblatio
748 2652 808 2738 est,
822 2683 860 2728 vel
883 2661 898 2742 Ι,
947 2757 950 2764 ¹
998 2685 1001 2706 ¹

34 2789 133 2833 donam
143 2791 194 2834 Deo
203 2787 316 2834 oblatum.
346 2789 405 2837 Item
418 2789 477 2844 apud
486 2787 584 2830 [iudaeos
597 2788 664 2830 loeus
677 2786 716 2830 ubi
731 2767 859 2844 oblationes

33 2841 82 2886 hse
92 2846 278 2901 reponebantur,
287 2847 438 2900 metonymico
450 2843 541 2888 Corbun
550 2843 623 2888 dietus
634 2850 677 2888 est.
912 2841 917 2850 ’

66 2903 98 2957 ¹¹)
112 2901 415 2960 calumniatricem.
427 2903 461 2944 18.
476 2941 480 2950 ,
598 2955 651 3008 32
751 2931 755 2948 r
