2176 3256
192 189 249 256 ,cc
526 179 695 242 rurus,

105 321 108 328 ⁴
212 290 338 347 similem
344 263 546 356 pertrahantur
557 302 693 342 errorem.
728 283 801 342 Sunt
814 284 890 342 enim
900 289 931 342 et
942 286 1023 356 apud

211 364 284 418 istos
305 357 414 411 cordati
433 359 619 428 rerequepii,
641 359 691 427 qui
711 355 870 426 frequenter
886 358 1024 426 apudme
1071 377 1073 416 ;

211 430 306 500 questi
327 434 406 491 sont,
428 442 581 495 paucorum
591 428 636 480 vel
648 430 845 495 superstitione
854 428 901 480 vel
910 429 1021 496 impro-

211 503 304 558 bitate
318 503 409 552 totam
424 498 550 552 ordinem
559 497 643 552 reddi
652 497 727 564 apud
738 499 826 551 bonos
836 496 1022 552 invidiosum.

138 587 143 599 ’
212 585 261 630 irs.
271 573 357 624 Recte
368 577 400 621 tu
411 567 536 637 quidem,
554 573 583 621 et
593 568 713 622 fortiter.
735 565 791 620 Sed
802 583 875 620 nunc
885 581 955 619 aveo
966 568 1024 618 sci·
1036 585 1041 592 ·

66 712 69 723 ἱ
110 639 117 652 ’
193 655 261 705 ,re,
290 637 431 709 quomodo
452 635 606 692 decesserit
626 635 781 692 Cornelius.
818 651 866 690 err.
887 634 924 688 Ut
943 636 1023 688 vixit
1074 656 1075 710 p

213 709 284 776 nulli
306 710 456 773 molestus,
478 709 520 760 ita
539 713 666 760 mortuus
679 713 733 760 est
756 705 900 760 ‘Habebat
910 705 1024 760 febrem
1074 719 1075 774 ξ

214 779 448 843 anniversariam,
467 792 539 847 quae
559 778 643 832 statis
656 777 832 846 temporibus
842 775 961 844 singulis
972 791 1023 828 au-
1074 779 1075 798 ¹

213 851 259 906 ais
279 855 445 902 recurreret.
480 847 522 902 Ea
543 853 617 912 tum,
638 848 696 902 sive
711 848 778 915 quia
791 848 927 916 gravabat
936 850 1021 898 astas

214 923 299 985 (nam
316 933 419 972 annum
436 924 596 972 excesserat
613 933 678 970 sexo
700 918 829 980 esurum)
838 916 896 968 sire
905 915 969 968 aliis
981 913 1021 968 de

212 989 334 1053 caussis,
353 989 438 1040 solito
450 988 540 1057 magis
551 987 669 1056 urgebat
680 933 831 1050 iominem,
847 992 877 1040 et
885 988 962 1038 vissu
973 989 1020 1037 est

210 1059 274 1128 ipse
282 1058 463 1127 praesentire,
474 1058 548 1111 diem
559 1058 674 1112 fatalem
684 1057 837 1110 imminere.
848 1055 943 1122 ltaque
950 1067 1021 1122 qua·

210 1127 306 1182 triduo
319 1128 403 1194 prius,
411 1143 493 1195 quam
503 1134 668 1191 moreretur,
675 1126 919 1196 (eratiionrinicus
930 1121 990 1177 dies
997 1124 1020 1189 3)

211 1195 348 1265 tempium
367 1197 452 1260 adiit,
475 1198 619 1252 confessus
636 1205 739 1252 estsuo
752 1195 888 1263 parocho,
910 1193 1021 1254 audivit
1076 1235 1077 1254 ,

210 1267 353 1336 publicani
363 1267 524 1320 concionem
534 1275 564 1322 et
572 1283 682 1322 sacrum
694 1285 701 1333 3
724 1283 742 1320 a
752 1277 841 1329 sacro,
852 1269 1020 1318 reverenter

211 1331 1020 1405 acceptopignorecorporisDominici,domumserecepit.
1077 1375 1078 1386 ,

211 1421 263 1462 aa.
284 1405 347 1458 Non
367 1421 434 1458 usus
450 1413 493 1459 est
506 1406 642 1476 medicisi
677 1423 725 1461 ru.
744 1407 859 1459 Unicum
870 1405 1020 1458 dumtaxat

109 1511 113 1522 Α
213 1475 369 1537 consuluit,
389 1476 516 1540 sednon
529 1476 849 1543 miuusbonumrirum,
871 1474 1020 1544 quambe-

212 1559 281 1598 num
291 1545 448 1598 medicums
470 1547 495 1598 ei
509 1545 610 1602 Iacobo
623 1550 765 1604 castrutio
777 1560 877 1599 nomen
889 1546 940 1600 ssi.
966 1559 1020 1599 us.

74 1672 77 1680 Ι
212 1613 298 1670 Novi
333 1613 413 1666 Nihil
422 1614 473 1667 illo
484 1618 627 1670 sincerius.
657 1612 917 1685 rulsrcspondit,
938 1629 1021 1668 suam
1078 1602 1079 1662 3

113 1699 116 1711 ¹
214 1681 328 1753 quidem
340 1698 453 1751 operam
464 1687 553 1738 amico
565 1701 622 1740 non
634 1687 802 1751 defuturam,
809 1683 859 1740 sed
870 1683 1022 1742 sibivideri

212 1752 280 1876 pius
291 1767 352 1804 esso
362 1753 492 1820 praesidii
502 1758 531 1807 in
542 1755 619 1819 Deo,
639 1759 761 1823 quentin
773 1754 897 1812 medicis.
916 1755 1022 1808 Corne·

226 1823 270 1874 ius
284 1819 460 1876 hancrocenr
472 1825 628 1878 noeminus
638 1827 770 1882 alacriter
779 1825 907 1893 accepit,
935 1839 1022 1892 quam

213 1891 241 1947 ai
250 1890 436 1944 certissimam
446 1895 520 1946 vitae
530 1909 607 1962 spem
618 1895 798 1948 ostendisset.
812 1895 910 1964 ltaque
918 1898 1022 1948 tamet-

213 1959 241 2013 si
258 1975 368 2028 semper
388 1977 438 2030 pro
456 1965 513 2016 suis
524 1962 707 2036 facultatibus
717 1964 821 2016 fnisset
829 1964 1021 2032 perbenignus

211 2030 242 2082 in
261 2044 415 2098 pauperes,
435 2037 494 2086 tum
511 2033 646 2104 quidquid
659 2033 751 2088 decidi
760 2037 873 2101 poterat
882 2033 980 2087 uxoris
991 2037 1021 2088 et

129 2104 135 2115 ‘
183 2101 185 2108 ’
211 2099 547 2167 Ιὶδοτοωιιιῃοοεεεὶῐαῐὶ,
568 2102 1022 2173 impartiebaturinegenos,non

210 2169 284 2223 istor
303 2172 452 2225 ambitiose
471 2173 615 2238 mendicos
635 2180 665 2227 ct
683 2187 822 2242 nusquam
837 2187 894 2224 non
910 2171 1022 2236 obvios,

210 2237 264 2293 sed
284 2241 449 2309 inprobos,
469 2246 515 2312 qui
536 2259 587 2310 pro
602 2245 709 2299 viribus
718 2241 859 2297 industria
868 2241 1021 2296 laborandi

212 2325 275 2364 cum
293 2317 459 2379 paupertate
473 2315 644 2381 pugnabant.
679 2311 823 2382 Rogabam
836 2309 978 2366 bominem
988 2317 1022 2366 ut

210 2379 403 2447 decumberet,
425 2381 638 2436 etsacerdotern
658 2383 695 2434 ad
718 2398 781 2436 sese
797 2387 957 2442 accerseret
968 2397 1022 2451 po·
1077 2391 1079 2396 '

209 2449 281 2515 tius,
300 2465 382 2518 quarn
391 2458 477 2504 tenue
484 2453 684 2519 corpusculum
694 2450 871 2520 defatigaret.
890 2453 1018 2520 Respon-

210 2517 269 2582 dit,
289 2518 343 2576 hoc
363 2521 419 2574 sibi
439 2536 549 2588 semper
564 2523 657 2574 studio
667 2521 770 2586 fuisso,
792 2521 1019 2589 utamicotsuoa

177 2635 183 2646 Ι
210 2588 367 2642 sublevaret
378 2590 481 2658 potius,
501 2592 527 2643 si
537 2597 644 2658 posset,
662 2607 746 2659 quam
755 2599 888 2660 gravaret
898 2591 1020 2658 officiis3

210 2671 263 2710 nec
273 2672 306 2710 sc
318 2659 363 2710 sui
373 2659 538 2712 dissimilem
547 2675 609 2712 esse
618 2661 691 2714 velle
700 2663 729 2713 in
739 2667 841 2716 morto.
877 2661 920 2716 Ne
931 2661 1019 2717 decu·

210 2725 273 2780 buit
283 2727 396 2795 quidem
406 2728 459 2780 nisi
471 2734 645 2796 postremum
655 2729 743 2795 diem,
754 2736 782 2784 et
791 2731 883 2786 noctis
892 2737 1020 2801 partem,
