2170 3248
227 222 246 278 4
487 219 783 276 ἸΧΘΥΟΦΑΓΜ

227 324 383 392 obturatio!
394 338 466 394 quae
479 323 573 394 sputa!
586 340 658 393 quas
667 321 826 379 exorsatlol
835 321 874 374 lit
883 319 909 373 si
918 333 975 388 qua
986 319 1037 374 iis·

228 395 255 450 ri
265 395 363 463 possit,
374 401 406 448 ut
414 395 583 448 salsamenta
594 409 664 462 pura
675 395 705 445 in
715 393 813 450 urbem
824 387 1038 468 adveherentur,

231 463 461 534 quemadmodum
473 479 523 516 nos
533 469 717 516 mactatarum
728 464 811 516 bourn
825 473 922 514 earnes
931 473 1036 529 appor-

229 541 332 596 tamus,
352 535 399 588 lex
409 548 463 585 non
476 533 624 588 dormiret:
646 547 718 585 nune
728 533 795 600 quid
806 529 894 584 loelas
905 529 948 592 iis,
964 543 1038 598 quae

229 603 327 674 putria
335 609 401 657 sunt
412 603 496 656 etiam
508 617 592 674 quum
603 601 801 656 comedunturi
812 601 849 654 llt
860 606 954 652 tamen
966 613 1036 666 quo·
1070 593 1071 666 Ῐ

229 675 283 728 ties
293 673 420 726 ridemus
430 674 464 726 ab
476 672 654 742 egoranomis
665 671 810 725 damnatas
817 683 922 728 meroes
928 675 1038 722 vestm

232 740 500 808 eoniioilnilumen,
520 741 829 796 robisiudietamultal
849 739 883 794 ld
894 752 962 792 vero
973 751 1036 791 sae·
1069 741 1071 760 ¹

228 813 293 882 pius
304 814 389 866 etiam
401 814 491 875 lieret,
501 811 554 864 uisi
565 811 608 864 illi
618 813 743 883 corrupti
753 827 804 882 per
814 826 865 865 vos
874 808 965 879 magis
976 821 1039 874 spe·

230 888 340 936 otarent
370 881 488 935 rivatunr
506 881 699 948 commodum,
719 877 1037 952 quampublioamsalu·

229 957 297 1005 tem.
360 967 391 1006 ee
401 951 571 1004 huo-tantum
581 958 663 1019 purte
672 956 780 1006 uooetis
791 950 973 1020 reipublioue;
985 944 1036 998 sed

228 1020 317 1089 impia
328 1035 394 1073 eona
414 1021 534 1076 iratione
544 1022 655 1086 retutis,
666 1039 703 1076 ne
713 1022 827 1076 aliunde
836 1023 927 1092 pisces
936 1030 1034 1070 reeen-

227 1090 379 1144 tioresadv
415 1091 697 1149 anturinoivitoten.
734 1107 777 1146 aa.
793 1093 955 1158 quasivero
970 1085 1035 1138 nul-

228 1160 274 1213 lus
284 1173 403 1226 unquam
408 1160 511 1214 viderit
520 1162 624 1217 mulcto
629 1177 790 1231 persuasum
797 1161 946 1220 larionem,
957 1153 1035 1224 quod

227 1242 344 1298 porcum
355 1229 535 1295 insincerum,
546 1239 575 1284 et
583 1233 699 1300 linguae
709 1225 1036 1298 maculislepraeritium

227 1298 406 1367 profitentem
413 1298 576 1363 vendiderit,
588 1309 636 1353 aut
647 1302 722 1369 quod
732 1317 812 1357 orem
823 1299 902 1367 aquis
908 1307 1035 1351 coenove

227 1366 403 1432 suffocatam,
423 1375 473 1421 aut
483 1368 589 1438 alioqui
597 1373 786 1426 verminantes
796 1384 903 1430 minos,
923 1365 1035 1418 lotione

228 1444 258 1494 et
269 1437 425 1492 eueumlito
434 1439 543 1493 recenti
554 1455 653 1496 cruore
661 1441 761 1495 vitium
772 1435 966 1493 dissimularit.
986 1448 1033 1486 us.

226 1508 312 1577 Atqui
323 1508 429 1562 nullum
440 1524 475 1561 ex
489 1509 570 1562 uobis
581 1511 638 1562 lale
650 1515 744 1562 exstat
758 1509 930 1577 exemplum,
949 1503 1034 1573 quale

224 1578 463 1645 nuperexvobiss
487 1591 522 1630 ox
531 1577 615 1629 unica
624 1579 748 1644 anguilla
758 1586 853 1632 orosto
864 1579 943 1646 punis
953 1575 1033 1628 inco·

225 1651 274 1699 eta
288 1647 396 1713 periere
414 1658 513 1697 novem
529 1645 669 1718 convivae.
705 1646 824 1699 Talibus
843 1645 967 1702 obsoniis
981 1655 1034 1696 vos

224 1713 366 1768 instruitis
377 1713 608 1784 mensosuiviunr.
640 1727 683 1770 aa.
694 1715 795 1768 Casum
806 1730 912 1779 narras,
924 1715 972 1784 qul
984 1727 1032 1766 ue·
1071 1729 1072 1744 ¹

224 1781 294 1836 mini
308 1782 393 1834 uitari
409 1785 512 1852 possit,
532 1784 558 1837 si
575 1784 689 1838 fortuna
700 1783 780 1839 velit.
815 1788 851 1838 At
866 1785 947 1837 robis
962 1796 1033 1852 pens

224 1852 417 1920 quotidianum
428 1857 486 1916 est,
501 1867 552 1920 pro
563 1853 698 1908 cuniculis
714 1852 808 1908 altiles
820 1849 891 1908 isles
900 1852 1035 1918 rendere,

222 1935 276 1991 pro
283 1920 425 1988 leporibus
436 1937 532 1987 oanos,
552 1925 577 1975 si
588 1939 638 1991 per
648 1925 788 1978 auriculas
799 1929 830 1977 et
840 1923 925 1992 pedes
935 1921 1029 1974 hirsu-

223 1997 270 2043 tos
279 1990 389 2045 liceret.
424 1991 498 2054 Quid
513 1999 606 2046 autern
624 2007 839 2049 commemorem
856 1999 986 2047 ortonae
996 2004 1032 2044 ex

224 2057 354 2112 humanis
363 2061 492 2114 carnibus
504 2061 649 2116 coniectat
678 2077 723 2117 us.
744 2066 789 2116 Tu
819 2063 876 2116 uod
887 2063 916 2114 in
927 2077 973 2115 me
983 2059 1033 2114 da·

223 2129 350 2194 mnabas,
371 2146 450 2184 casus
471 2137 500 2184 et
519 2129 661 2185 hominum
679 2133 751 2186 uitia
770 2134 810 2186 mi
832 2134 839 2146 '
862 2131 1032 2200 opprobriam

223 2205 356 2254 tueantur
377 2199 434 2253 ista
453 2199 501 2270 qui
520 2203 709 2256 committunt:
730 2217 783 2272 ego
803 2208 950 2270 quaestum
968 2215 1032 2252 oum

223 2267 472 2340 quaestueoniero.
481 2271 594 2341 Alioqui
605 2273 771 2326 damnentur
781 2278 809 2326 et
818 2271 943 2334 olitores,
955 2269 1044 2340 quod-

104 2382 108 2390 .
220 2339 360 2394 interdurn
371 2338 560 2409 imprudentes
569 2357 620 2412 pro
629 2344 709 2397 caule
718 2342 841 2397 vendunt
853 2341 974 2395 cicutam
980 2345 1030 2393 sut

220 2409 375 2464 seonituniz
388 2410 553 2463 damnentur
563 2418 592 2464 et
603 2411 843 2482 pharmacopolae,
855 2411 929 2480 quod
939 2412 1028 2464 inter·

221 2477 286 2532 dum
300 2495 352 2548 pro
366 2478 497 2532 remediis
516 2483 665 2549 porrigunt
676 2499 791 2537 venena.
827 2481 914 2534 Nulla
927 2486 973 2534 est
981 2493 1029 2533 ere

219 2554 277 2602 tam
288 2549 442 2618 inculpata,
452 2547 517 2616 quin
526 2549 634 2603 isthaeo
644 2551 767 2605 incidant
777 2551 860 2610 mala.
871 2547 931 2603 Vos
943 2565 1029 2619 quum

219 2633 315 2672 omnes
337 2618 425 2676 ollioii
442 2633 573 2672 numeros
597 2619 796 2689 impleveritis,
825 2633 962 2674 venenum
983 2623 1027 2673 est

219 2688 294 2756 quod
303 2688 429 2742 venditis.
456 2687 488 2742 si
497 2688 680 2756 torpedinem‚
692 2691 716 2744 si
726 2691 855 2760 hydrum,
866 2691 889 2742 si
898 2692 1027 2758 leporem

217 2757 356 2812 nulnum
370 2759 477 2814 retibus
492 2757 646 2818 admixtum
661 2769 724 2823 eum
740 2761 840 2818 ceteris
853 2759 1025 2828 induetis.
1067 2799 1072 2810 -
