2172 3238
222 217 274 276 ³56
441 215 823 273 ERASMIROTER.
888 258 891 263 .

221 325 258 375 sit
268 319 344 374 hello
355 335 465 392 quoque
475 323 651 387 vindicanda,
670 323 695 375 sl
713 322 777 390 quis
795 321 1032 378 coniunctionem
1054 346 1057 350 ·

220 391 310 444 iaciat
328 391 477 446 dictionem
494 392 530 445 ad
546 393 742 447 adverbiorum
762 393 806 445 ius
824 395 1029 463 pertinentem.

209 464 259 515 ‘Et
270 459 322 514 hoc
333 462 434 530 gratio,
454 477 538 530 quarn
549 463 666 516 totidem
677 464 733 516 sint
741 464 949 528 grammaticae
960 469 1028 530 quot

142 567 151 588 s
222 532 475 600 grammatioiimn
486 533 595 598 plures,
617 530 839 600 quandoquidem
849 533 940 584 Aldus
953 547 1028 584 naeus

222 615 296 652 unus
310 601 373 666 plus
385 603 750 670 quinquiesgrammaticam
761 599 911 654 desintne
921 601 1026 654 nullam

224 671 338 723 omnino
361 671 537 738 quantumvis
555 673 673 724 barbaro
688 677 737 724 aut
751 671 870 742 moleste
892 675 1026 738 scriptam

226 739 444 808 praetermittit,
465 755 546 809 quam
556 755 614 792 non
625 743 735 793 evolvat
764 741 970 810 excutiatque,
981 754 1026 791 ne·

223 811 354 862 mininou
364 809 499 872 inridens,
511 813 534 862 si
542 809 819 879 quiaquantumlibet
830 809 1025 878 ineptemolia·

225 876 1026 948 turinhocgenere,miseretimens,nequisiortegloriam
1068 895 1070 934 l

147 955 150 962 “
224 945 298 1000 lianc
316 949 484 1016 praeripiat,
502 955 530 1001 et
550 956 666 1017 pereant
685 955 730 1002 tot
750 963 887 1001 annorum
907 949 1026 1000 labores.

224 1017 323 1069 Utrum
334 1018 654 1072 insoniam'hancrocare
666 1019 809 1084 mavultis,
819 1033 853 1070 an
860 1015 1027 1071 stultitiami

223 1086 296 1140 Nam
310 1101 373 1140 ntea
387 1089 497 1157 quidem
509 1088 579 1140 haud
592 1091 687 1157 magni
698 1085 795 1150 refert,
805 1088 890 1140 modo
901 1085 1032 1140 fateami-

224 1155 257 1210 ui
267 1169 329 1208 meo
339 1157 473 1210 beneficio
484 1159 554 1217 fieri.
566 1160 707 1212 utanimal
720 1159 842 1212 omnium
854 1159 962 1226 alioqui
971 1158 1025 1209 lou·

222 1239 260 1293 ge
276 1226 476 1291 miserrimum,
500 1245 534 1280 eo
545 1229 690 1282 felicitatis
701 1227 847 1290 evehatur,
870 1234 903 1278 ut
923 1234 1023 1280 sortem
1043 1277 1046 1284 ,

216 1309 304 1348 -suam
312 1309 401 1362 neque
412 1308 473 1354 eom
481 1297 627 1350 Persarum
635 1299 746 1366 regibus
757 1299 852 1369 cupiat
858 1305 1024 1364 permutare.

276 1365 371 1417 Minus
382 1364 450 1420 milri
461 1367 564 1420 debent
574 1374 684 1436 poetae,
695 1368 809 1420 tametsi
818 1367 865 1421 vel
874 1383 910 1419 ex
920 1367 1024 1436 proies·
1067 1369 1068 1374 ’

226 1449 259 1487 so
270 1449 349 1488 meae
359 1442 424 1487 sunt
434 1435 577 1503 factionis,
588 1438 689 1507 quippe
697 1438 817 1490 liberum
829 1452 927 1504 genus,
938 1445 971 1491 ut
982 1437 1023 1488 ha·

225 1505 278 1558 »bet
288 1506 595 1576 proverbium,quorum
607 1522 688 1561 onrne
698 1507 822 1560 studium
832 1523 889 1560 non
899 1509 956 1559 alio
967 1521 1023 1574 per·

193 1579 200 1598 '
228 1576 312 1637 tinet,
325 1590 406 1644 quarn
418 1578 454 1630 ull
465 1577 661 1632 demulcendas
671 1579 821 1631 stultorum
832 1593 928 1641 aures,
944 1579 1023 1644 idque

226 1645 315 1697 meris
332 1651 523 1714 nugamentis,
545 1663 578 1700 ac
593 1648 717 1700 ridiculis
733 1648 844 1701 fabulis.
880 1649 919 1700 Et
935 1654 1024 1700 tamen
1070 1646 1071 1656 ¹

205 1741 212 1746 -
226 1711 272 1764 his
284 1715 353 1768 freti
364 1717 441 1772 dictu
453 1720 563 1782 mirum,
573 1725 606 1769 ut
618 1734 700 1786 quum
712 1719 766 1770 sibi
775 1717 966 1785 polliceantur
975 1717 1022 1767 im·
1070 1781 1071 1784 Ἴ

226 1783 432 1864 mortalitatem
443 1794 472 1840 et
482 1787 535 1840 diis
545 1803 641 1856 parem
652 1789 746 1852 vitam,
757 1794 816 1839 tum
828 1787 894 1838 aliis
909 1785 1023 1840 eandem

226 1855 1023 1995 autistiti&ttulistismittitete

192 1999 202 2014 ²
228 1987 308 2040 color
324 2003 413 2058 neque
424 1992 594 2062 simplicius,
615 2013 704 2064 neque
717 1997 901 2056 constantius.
937 1997 1022 2050 Porro

228 2056 372 2123 rhetores,
394 2075 552 2130 quanquam
565 2067 692 2120 nonnihil
710 2067 754 2118 illi
766 2067 878 2134 quidem
889 2065 1022 2133 praevari-

229 2134 342 2192 cantur,
365 2130 565 2202 colluduntque
581 2153 643 2188 cum
658 2135 847 2204 philosophis,
872 2144 964 2197 tamen
975 2135 1020 2187 hos

229 2213 340 2266 quoque
350 2206 464 2253 nostroe
475 2201 606 2256 iectionis
613 2222 684 2267 esse,
694 2221 776 2274 quum
787 2206 846 2256 alia
855 2205 956 2269 malta,
966 2211 1019 2256 tum

131 2279 136 2302 ⁸
227 2268 302 2320 'illuri
313 2270 342 2320 in
354 2269 450 2338 primis
462 2273 563 2339 arguit,
576 2273 651 2344 quod
662 2278 775 2341 praeter
781 2275 852 2326 alias
862 2290 959 2348 nugas,
968 2279 1020 2325 tam

231 2346 378 2402 accurate,
399 2347 456 2394 tam
468 2342 557 2394 multa
568 2343 602 2394 (le
614 2343 725 2394 iocandi
737 2345 847 2395 ratione
859 2346 1019 2410 conscripse-

232 2415 310 2459 runt:
329 2409 414 2530 atque
425 2411 495 2464 adeo
507 2411 656 2464 stultitiam
674 2413 764 2479 ipsam
777 2415 851 2464 inter
861 2412 1020 2465 facetiarum
1069 2459 1070 2464 ,

229 2479 339 2542 species
349 2495 366 2528 n
388 2487 485 2545 ruerat,
502 2481 626 2549 quisquis
635 2482 660 2531 is
671 2479 736 2546 fuit,
748 2483 794 2549 qui
805 2482 840 2532 ad
852 2483 1018 2535 Herennium
1069 2541 1070 2544 Ἴ

155 2583 158 2590 .
231 2546 343 2598 dicandi
353 2555 440 2600 artem
451 2550 574 2616 scripsit:
593 2550 723 2618 quodque
733 2552 1020 2618 apudQuintilianum
1069 2549 1070 2576 ¹

232 2614 313 2692 liuius
326 2615 430 2670 ordinis
440 2618 524 2688 longe
535 2621 695 2686 principem,
719 2626 801 2686 caput
812 2627 855 2673 ost
867 2621 903 2674 <le
913 2623 971 2680 risu
980 2619 1019 2672 rel
1067 2625 1070 2676 l

187 2716 189 2722 .
230 2682 319 2735 iliade
331 2685 482 2748 prolixius:
503 2693 664 2754 tantumque
682 2688 824 2746 stultitiae
833 2689 974 2752 tribuunt,
992 2694 1019 2742 ut

230 2763 444 2816 saepenumero,
465 2758 538 2822 quod
554 2757 637 2810 nullis
654 2760 828 2823 argumentis
844 2759 914 2812 dilui
931 2761 1020 2828 possit,
