2186 3258
306 251 656 314 sursrfflcnu-
819 259 872 316 auo
964 211 966 214 Ι

65 357 176 428 accipit.
218 357 333 427 Alioqui
355 360 461 416 frustra
486 361 590 415 Paulus
617 360 767 430 glorietur,
797 363 873 430 quod

65 430 153 498 gratie
165 429 376 495 praedicaverat
389 432 572 500 evangelium.
592 432 680 498 litque
691 429 753 485 heic
761 433 876 488 ridetur.
911 447 915 452 ·

66 513 127 551 esse
141 499 322 564 praecipuum
338 499 415 553 illius
433 501 563 554 laudatae
581 500 748 555 addictiouis
763 503 871 568 experi-

67 572 208 632 mentum,
230 569 255 620 si
271 569 404 622 conviciis
416 571 538 636 impetiti
549 586 605 631 non
616 570 827 633 incandescant,
847 571 875 626 si

66 638 95 688 iu
121 636 197 688 male
223 644 362 689 merentes
388 637 534 702 eharitatis
560 637 691 692 allectum
721 640 874 694 obtineant·

68 704 314 772 Quidmaguieet,
325 707 351 758 ei
379 707 421 758 uis
432 707 539 774 aliquid
548 704 713 761 laoultatum
724 709 875 776 relinquat,

69 773 102 826 de
114 773 211 826 alieno
223 773 348 827 victurus
359 722 503 843 leliquanto
513 777 876 845 lautius,quumsibiserrel

69 841 223 896 ulciscendi
234 845 432 911 cupiditateml
443 847 604 898 cincturam
616 846 877 912 tunqsemicalcea·

68 917 175 976 torum,
192 914 297 981 ubique
316 919 358 966 esi
375 929 478 984 magua
495 917 589 983 copiae
610 914 680 969 haec
691 918 736 984 qui
749 920 877 984 praestet

39 1023 42 1030 r
69 995 141 1050 quae
150 981 419 1050 perlectaDomiuus
430 991 520 1048 vocat,
531 983 736 1053 quaenpostou'
745 991 876 1038 coustan-

68 1057 113 1104 ter
135 1051 331 1118 exbibuerunt,
349 1054 424 1108 inter
443 1054 515 1105 ietos
536 1053 732 1122 nimium-rara
747 1061 791 1107 est
805 1055 881 1111 arisi
917 1069 924 1076 “

69 1135 120 1173 rm.
141 1119 206 1172 Non
222 1123 321 1190 ignoro
337 1140 405 1192 quas
421 1122 532 1176 iabula‘a
547 1123 627 1191 impii
643 1125 756 1191 quidum
773 1125 807 1177 de
817 1123 877 1176 illis

69 1194 216 1258 spargant:
234 1191 285 1244 sed
298 1194 402 1259 ego'sio
413 1191 529 1245 affectus
539 1209 610 1256 sum,
621 1197 653 1246 ut
662 1193 822 1261 ubieunque
831 1193 875 1246 vi·
965 1193 967 1198 “

7 1271 8 1280 ’
68 1260 137 1312 dero
147 1260 227 1313 illam
239 1263 523 1315 sacrosanctissimam
533 1268 648 1325 vestem,
662 1268 764 1330 ¹putem
775 1262 877 1315 adesse
969 1281 975 1286 ·

68 1329 185 1397 angelos
195 1329 263 1384 Del:
274 1335 401 1400 'eamque
413 1332 523 1384 domum
534 1347 597 1388 ease
607 1331 733 1395 felicem,
752 1333 832 1384 ouius
840 1331 878 1382 li-

68 1413 133 1452 men
144 1400 243 1452 crebro
255 1401 357 1453 teritur
368 1402 480 1454 illorum
492 1401 620 1468 pedibus.
655 1417 704 1454 ru.
719 1401 757 1452 Et
768 1416 821 1468 ego
833 1413 877 1452 ar·

68 1467 164 1522 bitror
173 1471 320 1537 pauciores
331 1487 392 1525 esse
403 1471 513 1525 ater-llos
524 1471 668 1532 foeminas,
674 1470 722 1521 ubi
732 1469 779 1532 illi,
787 1473 877 1537 agunt

68 1539 257 1600 familiariter.
306 1541 361 1595 Sed
383 1541 455 1594 mibi
483 1541 622 1610 propitius
643 1539 682 1592 ait
701 1539 877 1602 Franciscus,

68 1607 230 1673 TheotIme,
238 1610 511 1678 quihactenustanto
521 1611 550 1662 in
562 1623 658 1664 errore
671 1609 726 1660 sim
735 1612 889 1672 versatus..

67 1677 272 1732 Existimabam
291 1682 411 1734 istorum
427 1686 534 1735 vestem
548 1679 619 1732 nihil
631 1679 780 1734 aliudesse
791 1691 874 1746 quam

67 1753 192 1814 restem,
212 1765 326 1818 ueeper
335 1767 365 1804 se
375 1751 521 1804 mellonem
531 1755 610 1804 veste
620 1755 734 1812 nautae,
755 1753 805 1800 aut
818 1745 874 1799 cal·
936 1759 969 1800 't

68 1818 172 1882 ccciii,
203 1820 258 1869 nisi
281 1821 385 1872 utentis
409 1821 595 1874 sanctimonia
622 1819 874 1881 commendaretur,

69 1887 303 1954 quemadmodum
319 1889 424 1942 christi
439 1889 524 1943 vestis
542 1895 672 1944 contacta
687 1888 795 1941 sanavit
809 1885 876 1938 hae·

68 1957 279 2010 morrhoissam.
317 1960 426 2027 Alioqui
440 1958 611 2025 dubitabam,
625 1966 719 2013 utrum
730 1962 826 2010 textor
836 1969 875 2008 au

68 2026 220 2079 vestiarius
232 2043 292 2080 eam
301 2030 357 2080 rim
368 2029 492 2083 dedisset
501 2029 582 2082 vesti.
618 2043 669 2081 rra.
684 2026 768 2080 Haud
781 2024 876 2086 dublo,

46 2145 50 2156 ,
68 2097 118 2163 qui
129 2094 248 2150 formam
260 2098 321 2163 dat,
343 2099 465 2152 datuim.
501 2113 550 2151 en.
569 2097 692 2151 Posthac
703 2111 772 2163 ergo
782 2097 875 2154 vivam

67 2167 193 2229 suarius,
212 2183 264 2221 nec
274 2185 318 2222 me
329 2169 476 2228 macerabo
487 2174 565 2221 metu
575 2167 738 2230 inferorum,
751 2169 799 2218 aut
811 2177 874 2216 eon·

67 2233 200 2288 fessionis
211 2238 316 2301 taedio,
328 2244 378 2291 aut
388 2237 722 2304 eruciatupoenitentiae.

290 2331 653 2406 AMICITIA.
753 2323 757 2330 ’

228 2425 492 2487 Eruonrnus,
526 2421 717 2474 loannes.

65 2477 871 2578 rr.Saepenumeromecumadmirari‘soleo,quemDeum
919 2523 923 2530 ¹

62 2579 95 2632 iu
106 2581 255 2634 consilium
266 2580 427 2633 adhibuerit
436 2583 544 2638 natura,
555 2589 638 2642 quum
650 2575 679 2625 in
691 2573 767 2624 omui
777 2589 872 2627 rerum

10 2713 11 2716 Ἰ
65 2643 871 2726 generemiaceretamicitiasetinimicitiasquasdamarca·

63 2712 870 2854 ¹1:³⁵¹¹¹²⁰{illinistiiuliidttldldlidt‘}

85 2804 195 2914 olillll
198 2861 283 2915 Coun.
295 2861 330 2914 T.
342 2859 376 2914 ΙΙ.
395 2913 404 2938 .·
595 2857 597 2862 ’
635 2819 672 2940 0,
