2186 3258
216 207 271 268 sss
444 201 548 262 ons.
574 169 832 264 nonanus?

216 313 336 372 modom
346 311 474 377 affectus,
495 310 689 382 quisummam
700 311 834 382 pietatem
846 325 908 366 esse
919 307 1031 364 ducunt

217 386 326 441 vidisse
345 383 579 454 Hierosolymam.-
597 391 626 436 et
646 381 699 436 linc
717 379 768 452 per
787 383 869 450 tanta
881 383 1030 434 tertarum

217 457 362 526 marisque
371 456 466 524 spatia
477 458 591 506 currunt
601 468 683 508 senes
693 453 831 524 episcopi,
850 451 953 508 relicto
964 465 1030 520 gre·

255 562 264 590 ‚
299 527 346 593 qui
359 524 498 580 curandos
510 527 584 576 erote
612 521 666 576 huc
682 523 735 575 riri
745 521 884 590 principes
892 558 903 588 ,
922 521 1029 576 relicta

217 540 330 651 finilia
340 594 503 648 seditione:
523 591 698 656 hucmaritl,
720 592 828 645 relletis
839 591 916 644 domi
927 591 1030 645 liberis

219 672 249 722 et
259 679 360 728 uxore,
378 667 495 732 quorum
508 663 634 715 moribus
645 677 679 715 ac
689 659 840 736 pudicitiae
851 662 1028 716 necessarius

219 741 282 792 ertu
292 741 400 789 custos:
420 731 474 785 huc
484 730 680 786 adolescentes
690 747 724 786 ac
734 731 884 797 foeminae,
899 733 1029 786 nonsine

218 805 299 878 gravi
317 803 479 857 discrimine
498 817 608 854 morum
630 807 660 856 et
681 803 865 872 integritatis.
902 801 1029 866 Quidam

218 875 307 931 etiam
316 874 420 928 iterum
432 879 515 942 atque
525 873 628 924 iterum
643 879 817 938 recurrunt,
834 887 886 926 nec
896 871 976 926 aliud
987 871 1030 926 ia·

217 945 298 1000 ciunt
317 957 496 1014 peromnem
515 944 613 1008 ritem,
632 948 662 996 et
685 942 800 997 interim
821 943 1030 1013 superstitioni,

217 1015 438 1081 inconstantiae,
458 1013 607 1077 stultitiae,
626 1013 782 1069 temeritati
794 1015 969 1085 praetexitur
981 1029 1026 1067 re·

215 1085 463 1156 ligionis'titulus,
483 1097 517 1136 ac
526 1083 656 1136 desertor
666 1085 791 1149 suorum,
811 1084 1029 1141 contradootri-

215 1169 283 1210 nam
293 1155 385 1219 Pauli,
397 1155 602 1210 sanctimoniae
612 1153 725 1207 laudem
737 1154 839 1219 aufert,
849 1171 883 1210 ac
892 1155 948 1208 sibi
960 1169 1028 1222 quo·

217 1241 272 1300 que
282 1225 398 1294 pietatis
409 1223 505 1288 omnes
516 1239 647 1280 numeros
659 1225 786 1293 explesse
796 1225 915 1280 videtur.
951 1223 1025 1278 Pau·

215 1295 263 1350 lus
275 1296 290 1350 1
301 1292 426 1364 Timoth.
435 1296 461 1348 2.
473 1295 613 1362 intrepida
624 1289 802 1378 pronuntiati
819 1297 852 1350 ni
861 1294 920 1366 quie
931 1305 1025 1348 nutem

185 1390 188 1405 ·
214 1380 336 1430 auorum,
355 1373 385 1419 et
392 1364 510 1420 maxime
521 1366 743 1431 domesticorum,
765 1382 922 1422 curamnon
933 1363 1025 1427 laba,

210 1436 299 1510 fidem
313 1435 460 1508 abnegarit
474 1443 502 1490 et
517 1444 558 1490 est
573 1435 681 1508 infideli
702 1437 833 1494 deterior.
866 1436 952 1504 Atqui
963 1434 1023 1490 heic

215 1505 324 1562 Paulus
337 1507 416 1576 loqui
430 1503 548 1560 videtur*
556 1505 592 1560 de
607 1506 715 1570 viduis,
736 1522 807 1575 quae
822 1507 927 1560 liberos
938 1511 1023 1574 atque

216 1583 335 1645 nepotes
345 1577 499 1646 negligunt,
521 1577 607 1647 idque
617 1583 767 1646 praetextu
776 1577 937 1646 religionis,
958 1576 1023 1632 dum

216 1661 280 1701 sese
292 1647 610 1716 mancipentobsequiis
626 1646 773 1701 ecclesiae.
808 1647 884 1710 Quid
894 1646 1023 1701 dicturos

218 1715 390 1780 demeritis,
410 1717 457 1785 qui
466 1715 611 1770 destitutis
628 1716 732 1772 teneris
748 1718 858 1782 liberis,
878 1733 969 1772 uxore
978 1721 1019 1771 iu·

215 1785 349 1850 vencula,
370 1785 456 1855 idque
466 1789 495 1839 in
505 1803 536 1841 re
547 1788 640 1852 tenui,
664 1789 877 1856 proficiscuntur
886 1789 1021 1844 Hieroso·
1073 1817 1074 1824 κ

215 1854 340 1926 lymamt
375 1857 419 1910 Ex
442 1857 541 1910 multis
562 1859 674 1911 unicum
694 1859 851 1928 exemplum
871 1859 1021 1927 proferam,

215 1941 269 1981 nec
280 1931 340 1979 taur
350 1941 465 1992 recens,
484 1931 518 1981 ut
532 1928 685 1982 metuenda
698 1927 736 1982 sit
750 1928 874 1992 invidia,
894 1945 947 1982 nec
963 1935 1021 1983 tam

215 2002 306 2061 retus,
317 1996 384 2066 quin
395 2003 512 2064 nepotes
523 1997 680 2066 supersint,
700 2015 770 2068 quos
780 2001 875 2053 damni
885 2000 1022 2068 magnitu-

215 2065 253 2120 do
265 2081 320 2120 non
330 2065 399 2118 sinit
410 2066 542 2122 obliuisci
551 2069 595 2122 rei
604 2067 711 2138 gestae.
748 2067 801 2122 Vir
812 2069 926 2139 quidam
938 2085 1022 2138 prae·
1072 2067 1073 2070 ’

214 2142 317 2207 potens
329 2134 494 2191 decreverat
509 2144 576 2192 ante
586 2144 704 2192 mortem
721 2139 842 2194 inrisere
853 2139 1022 2208 Hierosoly·
1071 2155 1072 2206 t

215 2221 301 2273 mam,
319 2205 367 2275 pio
380 2207 490 2275 quidem
500 2208 614 2272 animo,
636 2209 684 2261 sed
695 2225 792 2278 parum
804 2209 884 2264 felici
894 2210 1023 2266 consilio.
1071 2229 1072 2248 ¹

107 2275 112 2285 “
216 2275 310 2331 liebus
320 2277 409 2346 igitur
421 2277 569 2342 ordinatis,
583 2277 751 2332 facultatum
764 2281 899 2345 omnium,
916 2281 1024 2345 uioria,
1071 2311 1072 2319 κ

217 2361 302 2416 quam
314 2345 460 2414 gravidam
476 2344 609 2419 reliquit,
630 2349 796 2415 oppidorum
813 2357 843 2404 et
861 2351 971 2403 arcium
982 2365 1026 2403 cu·

215 2430 278 2470 ram
287 2417 462 2484 tutelamque
469 2417 608 2470 commisit
614 2418 836 2491 archiepiscopo,
843 2435 894 2473 ceu
904 2419 1024 2487 parenti.

216 2485 272 2539 llbi
283 2501 380 2539 rumor
390 2486 493 2540 allatus
506 2493 558 2548 est,
582 2485 725 2542 hominem
736 2491 764 2543 in
775 2508 810 2544 ea
820 2490 1024 2559 peregrinatio·

215 2555 397 2624 reperiisse,
416 2555 644 2625 archiepiscopus
654 2574 706 2626 pro
717 2568 835 2629 parente
846 2560 937 2630 gessit
947 2576 1025 2628 prae·

216 2621 332 2676 donem:
352 2626 500 2694 occupavit
510 2627 702 2692 possessiones
713 2644 812 2684 omnes
822 2629 964 2683 defuncti:
976 2631 1022 2684 de-

214 2691 300 2759 niqne
310 2701 339 2745 et
351 2707 444 2745 arcem
453 2695 642 2760 munitiorem,
663 2699 787 2767 inquam
795 2700 916 2770 gravida
927 2701 1022 2754 confu-

215 2765 309 2830 gerat,
327 2761 357 2813 ri
374 2763 662 2838 expugnavitrjtnt
677 2776 841 2849 superesset
851 2771 934 2835 ¹ultor
949 2778 1023 2826 atro·
