2186 3258
104 166 107 174 ’
210 226 216 233 ·
295 193 568 280 ἰιιιιιιιι.,
793 211 845 268 221

36 322 123 381 steno,
133 313 274 385 sunguine
285 313 393 372 hircino
402 316 565 374 mollescatt
576 315 649 382 Quin
659 322 688 371 et
696 313 772 372 inter
781 311 844 386 ipsu

36 401 143 441 senene
162 386 281 442 dissidia
302 389 406 462 videps.
443 387 577 456 Scorpius
586 389 609 438 si
621 386 694 440 sorte
704 394 784 455 repet
793 403 844 456 per

38 460 194 521 aconitum,
204 457 335 524 pollescit
346 473 379 516 ec
388 461 533 526 torpescit.
564 456 664 516 Eidem
676 456 746 510 odeo
759 458 845 510 noxie

39 525 202 589 estheris,
221 528 268 579 eui
286 542 387 583 nomen
404 527 535 590 cerastis,
554 531 586 578 ut
597 528 645 593 qui
656 525 843 580 nomenmodo

40 598 101 648 eius
116 599 248 656 tractarit
264 595 376 663 digitis,
396 597 682 661 impunccnntrectet
696 596 843 661 scorpium.

40 664 94 718 Sed
104 663 204 720 herum
214 679 396 733 rerumquae
406 669 473 716 sunt
481 661 845 729 innumerae,cdnsideretio

41 735 75 788 ad
94 737 137 788 rei
154 735 281 788 mediceo
299 734 476 802 professores
488 737 619 801 pertinet.
647 736 791 798 quaenunt
802 738 848 786 est

40 804 91 856 illu
101 804 144 858 vis
153 803 372 868 vel-amicitiee,
382 805 428 858 vel
440 803 559 866 dissidii,
572 803 648 857 inter
658 802 719 856 chel
741 805 804 856 hem
817 807 846 856 ct

40 880 210 942 magnetem,
220 881 253 926 ut
263 875 493 934 materieneture
501 873 594 942 gravis
606 873 642 926 ed
652 873 710 940 lupi
732 885 775 924 cm
786 887 847 926 cur·

40 949 86 998 rut
96 949 126 997 et
136 943 283 998 inhaereat
292 945 369 998 velut
378 943 487 1008 osculo,
501 949 530 996 et
540 943 575 995 oh
587 942 687 998 eodem
698 942 770 996 citra
781 957 847 996 een·

40 1020 149 1068 tectum
164 1013 305 1082 refugisti
324 1017 383 1068 lem
402 1030 484 1084 quum
497 1028 578 1081 equo
588 1029 619 1068 se
635 1012 716 1068 feoile
732 1013 849 1066 misceat

40 1084 126 1142 rebus
139 1084 279 1151 omnibus,
288 1086 408 1140 maxime
419 1084 485 1150 sibi;
503 1090 598 1137 tomen
610 1088 690 1146 sunt,
705 1096 775 1148 quoe
785 1087 849 1136 tau·

42 1167 127 1221 quam
139 1153 205 1205 odio
216 1159 313 1216 mutuo
324 1156 474 1209 mixturam
488 1151 647 1222 refugiunt3
667 1152 745 1206 velut
759 1153 848 1207 uronis
918 1211 925 1217 ,

42 1223 94 1290 qui
104 1225 132 1274 iu
144 1223 280 1276 Fucinum
290 1225 380 1278 lecum
390 1225 515 1278 invectus
526 1221 693 1291 supermeat,
699 1222 727 1272 in
733 1221 850 1276 Isurium

42 1291 144 1347 Adduo
150 1329 158 1356 ‚
176 1294 373 1354 iuVerbunum
384 1295 513 1358 licinus,
528 1295 557 1345 in
566 1293 708 1348 Benacum
718 1291 851 1354 Mincius,

41 1362 74 1414 ln
85 1360 218 1414 Serinum
229 1363 330 1429 Ollius,
342 1366 371 1418 in
381 1362 533 1418 Lemonum
544 1361 710 1426 Rhodanum
722 1377 738 1414 e
749 1361 850 1429 quibus

42 1430 172 1486 nonnulli
189 1433 341 1492 multorum
357 1435 478 1488 millium
488 1433 609 1488 transitu
620 1431 773 1501 hospitales
784 1443 850 1482 sues
936 1447 940 1458 ¹
1008 1427 1014 1439 ‘

40 1515 135 1570 equas
144 1503 262 1572 tentum,
272 1519 323 1556 neo
333 1505 569 1573 largiores,quom
579 1501 710 1566 intulere,
722 1499 850 1554 evehunt.
931 1519 938 1533 ·

45 1571 143 1640 Tigris
153 1571 245 1626 influit
255 1574 383 1628 inlocum
395 1573 575 1637 Arethusam,
594 1587 627 1624 oc
641 1585 690 1639 per
701 1584 764 1623 eum
773 1569 851 1622 velut

46 1641 153 1708 hospes
164 1641 263 1706 fertur,
273 1644 322 1707 sic,
335 1651 368 1697 ut
376 1659 427 1698 noe
439 1645 526 1707 color,
533 1641 588 1696 'nec
598 1641 700 1709 pisces,
707 1654 757 1692 nee
768 1652 852 1706 equu-

44 1725 110 1764 rum
120 1717 220 1764 nature
228 1713 386 1768 miscentur.
400 1714 443 1767 Ad
452 1711 522 1769 hnec
532 1727 616 1780 quum
628 1715 722 1764 cetere
732 1708 792 1762 fere
802 1705 853 1760 ilu-

45 1781 127 1834 mine
135 1789 284 1848 properent
295 1785 324 1836 in
334 1799 411 1838 more
421 1793 595 1851 procurrere,
602 1779 738 1850 quaedum
748 1783 853 1838 tumen.

44 1849 125 1902 uelut
137 1863 224 1902 exose
233 1867 320 1918 mure,
337 1855 414 1920 prius
425 1867 507 1922 quern
519 1847 853 1924 commentariensem·

44 1933 113 1972 sese
128 1918 157 1970 in
172 1925 286 1976 terrum.
322 1924 418 1978 Simile
430 1923 562 1990 quiddam
575 1921 701 1974 videmus
712 1924 741 1971 et
751 1918 780 1970 in
790 1931 854 1969 ven·

46 1989 96 2040 tis.
123 1990 224 2042 Auster
233 1990 339 2046 homini
349 1993 482 2063 pestilens
493 1997 547 2054 cst,
557 1989 621 2043 huic
631 1981 789 2044 cohtrorius
799 1987 854 2039 Bo·

44 2072 114 2111 Μ’
132 2057 267 2123 ’ὓῑῑῦῐὶῠς
287 2063 360 2118 ulter
374 2065 461 2116 nubes
480 2059 628 2124 contrahit,
645 2057 854 2176 merdi'ffat*

45 2127 149 2190 Iamsi
160 2143 213 2196 qus
223 2130 291 2184 fides
302 2128 464 2201 astrologis,
474 2137 539 2183 sunt
550 2137 578 2184 et
588 2130 727 2182 sideribus
739 2127 786 2194 qui
808 2137 853 2176 om
878 2127 882 2132 '
912 2150 921 2172 l
1019 2135 1022 2146 ·

46 2196 193 2254 amicitiae
205 2206 233 2253 et
244 2203 409 2256 inimicitiae
420 2201 549 2263 effectum
561 2198 696 2267 quaedem
709 2195 797 2247 emico
804 2192 853 2244 ho·

47 2266 128 2334 mini,
143 2269 279 2334 quaedem
288 2272 524 2337 infeste;·rursus
533 2276 597 2321 sunt
608 2282 679 2335 quoe
690 2262 795 2316 homini
807 2261 854 2342 od«

47 2349 145 2388 sersus
155 2342 316 2394 nocentium
326 2341 383 2394 rim
395 2339 577 2408 opitulentur.
602 2336 678 2390 Adeo
691 2331 760 2382 nihil
770 2336 813 2382 est
825 2344 854 2380 m

49 2403 113 2456 ulls
125 2413 243 2462 noturus
260 2417 357 2478 perte,
377 2409 453 2478 quod
463 2423 518 2460 non
528 2403 657 2474 perhoec
667 2400 863 2479 dissidiosum
922 2442 927 2450 .

49 2473 216 2544 cordinsque
227 2485 256 2532 st
264 2495 366 2533 noxum
377 2484 406 2530 et
415 2468 854 2536 remediumhominisuppedrtet.

48 2557 89 2594 so.
110 2543 243 2600 Fortasse
257 2555 286 2602 et
300 2551 376 2600 ultro
390 2547 485 2600 coelos
500 2544 631 2612 quiddam
648 2537 855 2608 deprehendere

31 2611 146 2675 licem.
182 2617 295 2671 Etenim
308 2619 334 2669 si
351 2617 444 2684 Magis
463 2615 615 2675 oredimus,
634 2621 855 2676 unumquemque

50 2679 212 2738 mortalium
226 2687 281 2739 duo
293 2687 463 2739 comitentur
469 2684 554 2753 genii,
569 2682 641 2734 ulter
652 2677 767 2741 omicus,
785 2676 856 2728 ulter

53 2751 216 2808 malevolus.
227 2771 273 2814 uo.
280 2755 378 2819 Nobis,
384 2754 478 2818 amice,
489 2747 856 2820 sotisestodcoelumusque
