2172 3238
242 199 510 270 arcontium
530 212 731 271 nonina.
836 213 897 280 aot,

83 316 192 372 iudicet
201 351 210 381 ,
230 321 398 385 praesertim
410 331 494 386 quum
513 311 627 384 pauculi
643 315 842 374 homunciones
854 319 891 374 ab

82 388 216 458 universo
228 390 391 444 mortalium
403 394 485 440 coctu
496 391 558 440 tota
569 389 627 448 vita
638 387 814 441 dissentiant.
830 390 888 442 lta·
984 441 988 457 ,

83 471 139 525 que
150 459 224 510 solet
234 459 334 522 iisusu
347 459 456 520 venire,
477 457 552 524 quod
563 457 644 510 iuxta
654 455 828 531 Platonicum
839 461 889 528 fig·

12 553 14 562 ν
83 534 210 580 mentum
221 528 248 592 *)
259 530 360 596 opinor
379 525 504 581 accidere
524 528 570 591 iis,
592 528 640 594 qui
654 529 684 580 in
698 542 783 595 specu
801 525 892 580 vincti
990 567 993 578 .

83 609 179 650 rerum
191 599 305 652 umbras
316 600 468 660 mirantur,
490 602 518 650 et
528 595 650 664 fugitivo
660 597 723 661 ilii,
743 593 892 664 quirev'er·

83 681 133 718 sus
143 667 172 717 in
184 675 308 729 antrum,
327 683 409 720 veras
420 683 467 720 res
481 665 586 725 vidisse
601 682 632 720 se
647 665 807 734 praedicat,
828 666 892 718 illos
973 677 995 688 ·'
1012 681 1015 683 ·
1052 667 1055 678 ¹

83 735 169 802 longe
181 735 265 797 falli,
278 737 332 802 ¹qui
343 743 456 803 praeter
469 736 585 790 miseras
602 739 715 789 umbros
732 735 802 790 nihil
812 733 892 788 aliud

83 821 148 858 esso
159 804 284 857 erodant.
321 807 433 859 Etenim
446 808 556 876 sapiens
571 807 619 866 iric
634 806 848 862 comminentur
858 821 892 874 ac

83 873 337 940 deploratiliorum
348 876 499 940 insaniam,
520 877 567 945 qui
578 882 659 930 tanto
671 891 768 929 errore
780 882 893 929 tenean-

81 949 141 998 tur.
176 943 223 995 liii
243 944 367 998 vicissim
388 945 472 998 illum
488 946 578 998 veluti
600 947 767 1002 delirantem
786 944 892 1008 rident,

81 1018 169 1080 atque
189 1013 314 1068 eiiciunt.
350 1015 451 1068 Itidem
466 1015 566 1084 vulgus
581 1013 727 1070 hominum
748 1031 797 1078 ea,
820 1029 892 1090 quae

81 1084 207 1138 maxime
219 1099 353 1152 corporea
363 1086 570 1148 suntmaxime
580 1087 709 1150 miratur,
729 1082 817 1154 etque
828 1097 894 1152 pro·

81 1167 118 1224 po
129 1154 192 1206 sola
201 1160 281 1222 putat
291 1171 361 1209 csse.
398 1158 504 1208 Contra
514 1156 629 1230 pii‚xquo
642 1157 765 1224 quidque
775 1155 892 1222 propius
905 1179 914 1190 r

52 1263 54 1272 ,
81 1222 193 1279 aceedit
205 1224 240 1277 ad
252 1241 363 1294 corpus,
377 1225 438 1279 'hoo
448 1227 539 1292 magis
549 1224 714 1294 negligunt,
734 1229 844 1293 totique
851 1221 892 1276 ed

80 1293 263 1348 invisibilium
274 1311 366 1350 rerum
377 1296 640 1363 contemplationem
651 1297 808 1363 rapiuntur.
818 1293 891 1348 Nan
943 1297 946 1302 '

81 1361 133 1416 isti
143 1363 247 1430 primus
260 1373 354 1432 partes
366 1367 494 1419 tribuunt
506 1365 624 1428 divitiis,
636 1365 780 1433 proximas
792 1377 892 1431 corpo·

80 1434 123 1484 ris
135 1436 302 1500 commodis,
324 1443 483 1504 postremas
497 1437 590 1489 animo
606 1435 785 1502 relinquunt:
808 1448 891 1501 quem

7 1543 9 1562 .
80 1507 179 1556 tamen
189 1503 384 1573 pleriqueneo
401 1523 462 1562 esse
477 1505 609 1567 eredunt,
621 1505 685 1574 quia
695 1509 892 1558 nonccmatur

7 1567 10 1616 i
82 1572 185 1626 oculis.
220 1576 368 1648 Ediverso
379 1578 421 1629 ilii
438 1578 559 1645 primum
570 1577 598 1626 in
609 1576 699 1643 ipsum
711 1573 823 1636 Deum,
843 1587 889 1635 re,-

81 1654 146 1698 rum
167 1645 290 1697 omnium
307 1645 614 1716 simplicissimum,toti
630 1645 774 1698 nituntur:
795 1658 890 1717 secum

81 1711 151 1770 dun
169 1711 250 1779 hunc,
273 1723 302 1769 et
322 1718 457 1771 tamenin
474 1717 541 1780 hoc,
563 1716 639 1784 quod
656 1715 692 1768 nd
708 1713 789 1780 illum
807 1726 892 1782 quaro
954 1779 958 1784 .

81 1783 210 1850 proxime
225 1786 350 1850 accedit,
379 1803 480 1856 nempe
495 1785 635 1840 animumc
656 1785 782 1854 corporis
797 1797 892 1848 curum

80 1850 242 1918 negligunt,
256 1857 388 1919 pecunias
399 1875 448 1909 ocu
459 1859 731 1924 putaminoprorsus
742 1867 894 1923 aspernan-

81 1924 132 1972 tur
145 1920 320 1990 comgitant.
361 1927 417 1978 Aut
433 1927 456 1979 si
469 1926 539 1996 quid
554 1923 718 1978 huiusmodi
728 1939 822 1977 rerum
832 1928 891 1994 tra,-

82 1995 162 2044 etare
173 1999 327 2059 coguntur,
344 1997 483 2062 gravatim
495 2011 528 2048 ao
539 1993 716 2050 fastidienter
725 1993 756 2044 id
767 1992 892 2051 factunm

80 2056 188 2113 habent
198 2067 332 2130 tanquam
348 2079 405 2118 non
421 2064 573 2128 habentes,
594 2063 741 2133 possident
757 2065 891 2128 tanquam

79 2143 138 2184 noo
150 2131 336 2197 possidentes.
373 2134 486 2188 suntet
502 2135 533 2186 in
551 2133 670 2200 singulis
685 2131 770 2182 rebus
783 2129 890 2200 gradus

79 2199 200 2252 multum
211 2201 287 2259 inter
297 2202 369 2254 istos
380 2203 492 2256 diversi.
527 2201 671 2266 Principio
682 2211 781 2264 sensus
791 2203 892 2265 tamet-

80 2267 108 2324 si
120 2283 291 2324 omncscum
309 2287 427 2338 corpore
439 2270 636 2336 cognationem
656 2265 774 2331 habent,
794 2273 890 2322 tamen

82 2338 196 2407 quidam
214 2347 282 2392 sunt
298 2356 334 2392 ex
349 2340 393 2392 his
411 2339 573 2402 crassiores,
595 2345 628 2390 ut
645 2341 749 2397 taetus,
769 2336 890 2399 auditus,

80 2408 167 2470 visus,
176 2407 424 2477 olfactus,gustus:
437 2407 550 2475 quidam
557 2408 889 2476 magisacorporesemo·

83 2477 119 2539 ti,
140 2475 229 2530 veluti
247 2479 396 2541 memoria,
418 2477 596 2542 intellectus,
615 2477 755 2529 voluntas.
791 2477 889 2544 Igitur,

82 2546 134 2602 obi
153 2561 184 2610 se
204 2547 357 2600 intenderit
377 2547 494 2610 animus,
510 2547 552 2600 ibi
568 2546 654 2600 valet.
690 2545 746 2611 Pii,
757 2545 889 2617 quonium

86 2616 177 2670 omnis
189 2616 275 2668 animi
294 2618 336 2668 vis
348 2617 383 2669 ad
396 2633 429 2668 ea
447 2617 608 2680 contendit,
630 2631 700 2684 quae
714 2623 777 2668 suot
788 2631 805 2666 a
815 2629 888 2668 cras·

83 2686 205 2740 sionibus
215 2684 341 2739 sensibus
353 2685 545 2755 alienissima,
565 2687 595 2740 in
605 2685 650 2740 his
659 2685 738 2742 velut
758 2683 887 2740 obbrute-

111 2774 134 2828 ’)
148 2771 177 2818 ds
185 2772 312 2831 Republica
321 2773 380 2818 libro
390 2771 494 2830 septimo.
576 2835 590 2848 .
