2186 3258
293 237 351 289 ΕΤ
379 235 662 290 BARBARlEl.
828 237 880 291 233

77 355 144 393 nam
160 340 271 406 loquor)
290 345 468 394 tant-sunum
484 353 552 412 nuce
573 338 687 401 rudere,
710 347 880 410 cunctosque

78 410 222 462 turmatim
241 409 362 462 allicere.
398 423 441 461 sn.
461 407 566 474 Inepta.
602 408 719 461 Abstine
739 412 880 474 conviciis,

80 477 193 530 etsudi.
229 493 278 532 uu.
296 478 394 531 Audio.
431 491 473 530 ns.
492 477 559 540 illic,
567 475 713 528 confestim
726 478 877 531 instituun-

79 554 135 610 tur,
148 546 318 602 erudiuntur.
344 561 394 600 ru.
405 546 509 599 Mirum
519 546 548 596 in
559 545 683 600 mudum.
707 560 750 596 un.
763 547 881 613 Optimi!

78 616 219 684 glossulis,
229 615 423 679 vocabulariis,
434 614 615 682 argumentis,
623 613 793 668 notabilibus
805 618 882 668 innu-

79 687 171 738 meris.
206 701 256 738 uu.
277 687 367 750 Quum
429 685 546 737 tissime.
581 699 621 734 ns.
642 683 882 747 Quidntrescuu·
912 695 913 698 ’

79 751 186 807 trahisl
206 756 266 807 imo
277 771 312 808 eu
324 700 455 821 perae,
473 760 507 806 ut
517 752 587 806 nihil
599 755 731 806 nesciunt.
766 758 815 804 ru.
825 753 883 806 Nu-

78 839 151 876 vum.
173 837 217 876 us.
227 819 422 876 Crescuntillis
432 825 540 877 interee
547 837 607 874 cum
618 836 735 888 corpure
745 826 882 889 tempure,

79 900 112 945 ut
123 896 222 946 exacte
233 893 373 946 ductilem
386 895 511 960 praesint
523 893 597 944 aliis.
618 893 690 945 'l'um
702 890 774 944 tulus
786 894 881 945 remit·

78 969 119 1025 tc,
130 969 162 1015 ut
171 962 246 1018 besti
257 962 358 1026 vivunt,
370 965 444 1016 beati
456 963 620 1016 moriantur.
640 973 707 1028 ⁸uu.
717 959 771 1023 lle,
781 957 826 1024 hu,
838 960 896 1014 hui

79 1031 182 1084 Parum
197 1031 295 1095 ubiuit,
306 1031 370 1100 quin
384 1031 515 1084 cachinno
526 1042 682 1095 rumperem
694 1034 751 1080 tum
762 1029 799 1082 iis
810 1031 882 1082 invi·
906 1041 918 1046 ·’

80 1098 263 1152 conscilium.
284 1115 327 1153 us.
342 1101 414 1162 Quid
427 1099 501 1154 rides
515 1099 611 1150 fetuel
622 1111 719 1172 anegu
729 1097 787 1152 risu
799 1100 885 1167 digus

49 1185 56 1194 ·
80 1169 135 1220 fari
146 1169 259 1220 videurl
279 1184 328 1220 'rin
347 1169 408 1236 Ego
419 1169 474 1220 ista
484 1167 535 1219 tibi
546 1167 647 1228 rectius
658 1181 812 1220 memorare
823 1178 884 1235 pot.

81 1253 140 1290 eru.
176 1237 323 1289 un'l'un’l
357 1238 494 1304 surige.
530 1235 676 1301 Siplucet‚
693 1237 884 1290 nuucauuies.

81 1320 125 1358 nn.
136 1305 238 1370 incipe.
274 1319 324 1356 uu.
335 1305 407 1366 Quin
416 1306 456 1356 ite
467 1321 498 1356 se
507 1319 552 1356 res
564 1304 655 1356 habet.
692 1303 839 1358 Cunlluunt
849 1306 885 1359 etl

81 1382 112 1427 te
129 1373 280 1434 innumeri,
299 1373 400 1424 fateor.
437 1374 504 1435 Qui,
524 1372 631 1439 siquid
648 1381 724 1426 rectu
741 1375 769 1426 iu
780 1375 886 1428 sclrulis

12 1491 16 1499 ,
105 1441 164 1492 rius
175 1439 369 1503 didicerunt,id
382 1445 513 1495 continuo
525 1443 668 1495 dediscant
678 1459 820 1496 necessum
831 1451 884 1498 est.

8 1531 9 1538 ¹
94 1513 95 1516 ’
112 1507 192 1562 einde
203 1509 246 1561 his
258 1514 340 1576 (quae
353 1510 474 1578 plurima
485 1512 662 1574 enumerasti)
672 1511 885 1578 dispendiisnuu

8 1619 9 1634 .
81 1588 141 1632 tam
152 1579 327 1642 imbuuntur,
349 1595 430 1646 quam
442 1581 609 1645 obruuntur,
630 1580 740 1634 tandem
754 1582 888 1635 utsclant

7 1653 10 1720 '3
81 1645 165 1701 nihil.
201 1650 259 1701 lmu
280 1663 313 1700 eu
335 1650 476 1716 perducis,
500 1656 532 1707 ut
546 1657 581 1716 vet
602 1665 633 1703 se
652 1650 730 1718 ipsus
749 1653 885 1706 nesciant.
928 1659 931 1664 '

8 1723 10 1769 ἶ
82 1719 219 1770 Crescunt
229 1721 339 1772 interea
350 1714 452 1772 circum
464 1727 594 1788 tempora
604 1735 717 1781 cornus,
728 1719 833 1788 sibique
843 1721 886 1774 vi·

83 1787 318 1850 denturscicli‚ac
326 1788 373 1856 qui
385 1791 605 1858 praesintmagis
616 1803 698 1856 quum
708 1789 816 1842 subsint
826 1790 887 1844 idu-

81 1859 138 1909 nei.
173 1857 244 1908 Tum
255 1858 471 1921 talesremittis‚
488 1867 522 1911 ut
532 1859 607 1912 besti
617 1861 726 1922 vivent,
742 1860 818 1912 beati
828 1876 886 1914 mu·
927 1872 931 1880 ’

82 1926 209 1978 riantur.¹
235 1942 280 1979 un.
301 1928 355 1991 Tu,
376 1933 407 1979 ut
421 1927 515 1991 video,
536 1929 659 1998 linguam
676 1943 694 1982 u
711 1929 819 1996 probris
829 1943 886 1982 non
928 1941 932 1946 ·

84 1994 208 2047 cohibes.
243 2000 279 2050 nt
295 1996 447 2049 caremihi
465 1998 682 2051 bilemmutens.
718 1997 886 2067 Sinunpur·

81 2064 126 2116 cis
136 2061 294 2117 huiusmodi
305 2067 333 2118 in
342 2067 389 2120 me
402 2067 477 2120 dictu
487 2067 621 2132 iaculari,
641 2082 694 2136 ego
708 2083 742 2122 eu
756 2067 830 2121 inte
844 2077 887 2122 re*-

82 2133 236 2200 turqueic:
258 2141 323 2187 sunt
344 2143 373 2188 et
391 2135 544 2208 mihi-quus
557 2137 675 2191 seierum
691 2137 890 2196 contumelias..

82 2213 132 2256 ru.
148 2201 185 2253 Et
205 2203 279 2256 soles
299 2204 418 2272 quidem.
453 2221 498 2260 un.
519 2208 612 2270 Tales,
631 2206 751 2273 inquam,
770 2205 884 2258 remittu

77 2270 120 2334 .(si
140 2272 241 2334 nescis,
262 2274 497 2342 nniserrimc).qui
514 2277 624 2330 nutibus
642 2275 709 2337 tuis,
729 2289 764 2326 ne
783 2273 885 2326 curmi-

82 2339 165 2394 nibus
186 2340 297 2410 quidem
318 2341 435 2411 (quibus
455 2347 580 2413 apprime
601 2340 772 2412 triumphus)
797 2356 885 2394 cesss-

83 2408 149 2463 rint.
185 2423 237 2462 ru.
256 2411 376 2467 Numero
394 2414 495 2467 luteos.
532 2415 591 2467 Nus
606 2426 673 2464 veru
688 2425 742 2462 nun
758 2416 887 2463 tumuer-

84 2493 163 2530 suum
183 2481 335 2544 cumulum,
356 2497 436 2550 quam
457 2484 601 2546 virtutem,
620 2485 784 2547 spectamus.
819 2476 886 2530 Tibi

84 2555 197 2611 contre,
217 2555 285 2615 quot
305 2551 376 2613 sint,
398 2567 452 2603 non
473 2551 584 2618 quales,
611 2563 693 2601 curse
715 2553 767 2600 est.
803 2545 886 2618 Pagi·

84 2631 135 2668 nus
147 2632 287 2686 numerus,
308 2620 496 2673 barbarismus
508 2619 673 2673 dissimules.
716 2616 839 2670 Tantum
850 2629 886 2668 ex

85 2685 159 2736 ouini
177 2685 231 2737 sibi
243 2696 393 2742 curiscnent
403 2697 495 2756 purte,
516 2689 546 2752 id
558 2701 641 2740 uuum
654 2686 810 2756 quaeriturz
831 2686 886 2738 uir-

85 2759 130 2806 tus
142 2755 301 2824 negligitur.
338 2771 379 2812 us.
395 2755 669 2824 Devirtutegarris,
687 2753 804 2818 intanti
822 2755 884 2824 Egu
