2186 3258
5 437 7 478 l

341 177 629 234 concussos.
826 163 890 234 ‘aas

86 281 165 343 nond
172 281 362 354 philosophiae
374 298 466 353 gemis
474 281 639 349 demigrare,
644 280 743 348 luteos,
754 288 784 338 et
793 298 892 336 numm

89 366 118 412 et
129 355 272 425 plumbum
283 369 344 408 esse
357 353 484 420 plumeae
496 352 634 414 levitatis,
654 354 679 406 si
695 368 756 405 cum
775 360 892 421 peceato
938 381 945 392 .

89 426 258 481 conteratur.
296 421 578 488 nmquilietigitur,
595 421 691 488 utqui
710 421 763 472 bec
783 425 894 476 sarcina
982 448 985 453 ·

91 502 157 550 sunt
168 495 271 557 onusti,
282 492 430 545 subvolent
441 491 471 542 iu
481 489 607 544 coeluml
641 503 687 541 an.
695 489 825 544 Profecto
837 505 893 558 uon

89 564 180 616 video.
217 578 261 615 cu.
272 563 367 628 Atqui
381 575 443 614 sese
459 564 560 627 parant
576 558 730 610 adeersum
746 559 894 623 nullumve,
918 577 927 588 “

8 679 13 705 s
90 647 146 686 non
154 631 244 685 solum
257 629 390 698 quidquid
397 635 440 682 est
451 629 543 682 oneris
549 627 797 690 abiiciunt,verum
807 629 893 684 etiam
906 626 910 631 '

91 707 226 756 contento
237 701 408 768 spiritusese
419 699 542 751 reddunt
551 697 765 761 leviusculos3et
776 696 812 748 ad
823 695 894 752 huno

91 783 203 825 cursum
212 771 383 834 saltumque,
398 783 452 837 quo
463 767 581 820 les-imur
591 767 621 819 in
632 767 753 828 eoelum,
773 781 829 817 uon
838 772 896 817 stu·

5 887 6 894 ,
90 839 187 906 demus
197 839 270 890 illud
282 837 413 900 abiicere,
425 836 674 905 quodomnium,
686 834 761 886 onnni
780 834 895 902 plumbo
963 883 966 892 ,

5 905 6 946 i
88 908 268 977 gnaviuscst.
289 905 894 975 nn.Fneencnns‚nve1micnnnocensn-

88 979 129 1032 tis
139 975 319 1032 haberemus⁴

145 1181 149 1188 .
316 1107 676 1179 EBI'CUREUS.

146 1250 151 1258 -
249 1210 738 1276 Hunonsus,Snunsnus.

93 1331 145 1372 nn.
157 1282 247 1376 Quid
259 1320 377 1375 venatur
392 1329 471 1366 mous
487 1311 653 1380 Spudueus,
669 1313 743 1382 quod
760 1311 801 1366 sic
814 1316 892 1366 totus

71 1393 73 1404 '
93 1385 232 1445 incumbit
243 1382 326 1444 libro,
337 1383 431 1436 nescio
443 1383 507 1452 quid
519 1398 612 1434 secum
625 1384 815 1445 murmusansi
850 1397 892 1434 ss.

93 1455 184 1507 Plane
197 1465 293 1516 senor,
313 1451 441 1518 Hedum,
462 1449 511 1505 sed
525 1450 594 1503 nibil
612 1452 687 1504 uliud
705 1467 785 1518 quam
799 1464 892 1504 venor.

93 1537 146 1576 ssu.
157 1519 232 1583 Quid
253 1519 404 1581 voluminis
425 1527 478 1584 ost,
490 1520 573 1587 quod
589 1519 675 1572 bobes
691 1523 719 1573 in
734 1520 814 1572 sinul
851 1533 894 1572 ss.
1005 1530 1007 1532 ’

5 1589 6 1646 3
93 1591 210 1657 Dialogi
222 1589 364 1641 Ciceronis
377 1589 412 1642 de
423 1589 539 1641 Finibus
548 1590 695 1642 bonorum.
706 1587 894 1656 nmquam·
930 1597 933 1600 “

5 2071 6 2076 ¹
98 2003 174 2075 qnod
185 2006 416 2072 operaepretium
428 2003 543 2068 fecisse,
555 2005 628 2070 quod
640 2004 676 2056 nd
687 2005 747 2058 veri
757 2005 893 2073 cognitio·
975 2031 977 2034 -
1065 1998 1069 2003 ’

94 1667 127 1714 to
138 1659 226 1712 satius
239 1664 313 1729 esset
324 1673 457 1724 quaerere
467 1658 605 1712 bonorum
620 1659 703 1710 initia
713 1673 794 1724 quam
805 1651 894 1710 linesi

97 1743 140 1783 ss.
151 1723 209 1780 Sed
218 1727 335 1795 Marcus
344 1728 456 1779 Tullius
471 1729 554 1780 fiunem
570 1728 636 1781 boni
653 1728 776 1796 appellat
790 1730 894 1780 bonum

99 1797 227 1852 omnibus
238 1796 361 1848 numeris
372 1797 545 1859 absolutum,
567 1797 641 1866 quod
653 1798 701 1864 qui
712 1797 749 1848 sit
759 1813 893 1866 assequu·
941 1829 946 1836 -

96 1874 153 1929 tus,
173 1872 318 1934 praetesea
331 1866 404 1918 nibil
419 1863 568 1918 desideret
604 1881 653 1918 ssu.
667 1867 744 1932 Opus
759 1883 821 1919 cum
837 1866 911 1935 pri··
947 1886 953 1894 ·
998 1921 1006 1927 ,

97 1937 151 1992 mis
163 1935 302 1989 eruditum
322 1941 351 1987 et
360 1937 508 2004 eloquens:
526 1933 577 1990 sed
587 1951 651 1987 oum
667 1937 721 1989 tibi
730 1935 832 1991 videris
842 1937 893 1989 ali·

97 2090 161 2128 uem
172 2073 290 2140 attipeti
325 2075 434 2132 smlloc
446 2071 512 2124 mihi
520 2073 616 2128 videor
624 2074 724 2138 fecisse
735 2073 815 2140 lucri,
822 2073 896 2144 quod

97 2158 171 2196 nunc
180 2142 270 2209 magis
282 2145 367 2195 ctiam
376 2143 514 2210 ambigam
526 2143 560 2194 de
571 2143 687 2206 tinibus,
709 2159 790 2212 quam
802 2149 894 2196 antea.

5 2229 6 2234 ¹
88 2227 148 2267 'um
169 2211 362 2280 Agricolamm
376 2211 737 2278 cstambigeredefinibus.
773 2226 813 2264 ss.
837 2211 896 2264 Neo

5 2919 9 3126 l

97 2281 167 2336 satis
179 2297 250 2349 queo
263 2281 366 2343 mirari,
385 2282 419 2333 dc
428 2296 460 2333 re
468 2287 552 2334 tanta
559 2282 634 2336 intcn
644 2287 738 2334 tantos
747 2279 824 2333 viros
834 2285 895 2348 tun·

99 2358 158 2404 tam
179 2349 265 2403 fuisse
284 2351 484 2402 sententiarum
504 2363 634 2417 pugnam.
681 2362 730 2402 ssu.
749 2349 905 2418 Niosson„

99 2424 164 2490 quia
181 2418 333 2472 foecundus
345 2425 389 2472 est
399 2435 491 2481 esron,
502 2433 586 2486 quum
596 2415 715 2483 simplex
729 2417 767 2469 sit
781 2418 896 2469 veritas:

101 2491 239 2552 Quoniam
253 2491 341 2539 totius
356 2489 463 2556 negotii
480 2492 616 2553 caputnc
635 2487 740 2536 lbntem
754 2486 897 2552 ignorant,

99 2557 232 2611 divinant
243 2573 276 2610 ac
284 2556 408 2616 ¹delii-snt
418 2571 522 2609 omnes.
547 2555 602 2608 Sed
615 2569 685 2623 quae
697 2554 834 2607 sententia
843 2553 897 2606 tibi

102 2619 215 2688 videtur
225 2641 285 2680 esse
293 2640 379 2696 scopo
389 2623 525 2680 viciniori
561 2639 602 2676 ss.
614 2625 703 2686 Quum
715 2623 797 2675 audio
806 2624 894 2691 impo-

5 2751 7 2794 p
57 2768 59 2771 ι
102 2703 235 2770 fluentem
254 2695 296 2752 M.
315 2695 450 2762 Tullium,
472 2692 622 2764 displicent
641 2692 782 2762 singulae:
799 2707 896 2750 rursus
