2192 3270
378 197 594 270 dauon
673 235 679 239 -
780 215 904 284 -‚m

85 318 236 388 coniungi
252 317 351 382 malis,
370 326 527 388 quam-tam
543 319 640 388 putido
652 319 796 387 esdnveri3
816 317 904 390 siqui·

86 391 147 442 dem
155 388 311 456 hocipsum
319 389 500 459 quodspirat,
509 391 816 455 merumestveueuum3
828 391 904 458 quod

88 460 323 528 loquitur,pestis
335 464 391 524 est3
402 461 476 527 quod
489 462 718 529 contingit,mors
730 467 781 514 ost.
793 462 904 514 sulam

89 535 117 580 tu
128 529 202 580 mihi
214 529 322 597 cogita,
334 528 456 593 Petroni,
467 529 531 598 quid
541 531 697 598 voluptatis
707 529 838 584 habitura
848 534 905 584 sint

88 599 139 651 ilia
157 599 275 661 suavia,
288 599 339 650 ,illi
357 599 534 666 complexus,
555 599 600 650 illi
621 600 752 654 nocturni
771 601 848 652 lusus
869 616 903 654 ae

88 667 268 721 blanditiaei
291 681 335 721 ru.
357 667 521 737 Theologos
539 683 736 738 nonnunquam
753 668 848 722 audiri
862 670 904 724 lo·

89 744 210 806 quentes
229 737 265 790 de
281 737 539 806 impariceniugio.
575 741 653 792 lstue
668 741 780 793 demum
796 741 903 808 optimo
945 749 959 766 “

89 808 151 860 iur'e
162 808 220 860 diei
233 815 329 875 potest
339 808 377 860 im
398 823 430 861 ar
442 809 611 878 coniugium,
623 811 703 878 quasi
714 823 850 877 gemmam
860 810 903 862 in·

92 892 172 930 seras
181 877 307 944 plumbo.
338 823 396 931 Sug
404 879 518 932 interim
529 879 652 932 demiror
661 885 777 933 tenerae
788 879 905 948 virginis

93 946 253 1000 audaciam.
284 947 905 1019 Solentenimtalespuellaeadlemurisaut

93 1017 192 1070 larvae
208 1023 388 1084 conspectum
404 1026 516 1072 tantum
532 1035 589 1071 non
600 1019 769 1085 exanimari3
790 1033 825 1071 an
836 1018 906 1072 hsce

94 1086 213 1139 audebit
238 1087 297 1140 tale
319 1088 438 1141 eadsrer
459 1090 592 1155 amplecti
611 1090 714 1144 noctus
743 1103 789 1146 os.
811 1090 906 1142 Habet

94 1156 276 1224 puellaquod
287 1163 404 1210 excuset
415 1159 614 1212 auctoritatem
626 1164 787 1226 parentum,
800 1159 906 1228 impor-

93 1227 247 1278 tunitatem
267 1227 438 1292 amicorum,
465 1229 576 1281 aetatis
589 1228 808 1297 simplicitatem.
844 1231 906 1300 Ego

95 1300 245 1362 parentum
259 1297 404 1350 vesaniam
419 1299 491 1350 satis
501 1299 599 1351 mirari
609 1313 663 1351 uon
675 1315 798 1368 possum.
834 1298 911 1361 Quis

96 1366 170 1418 enim
181 1366 268 1418 liliam
280 1364 364 1420 habet
375 1372 433 1420 tnm
445 1367 552 1421 infelici
563 1367 751 1438 formaquam
762 1368 906 1424 collocare

95 1435 167 1488 sciit
177 1433 286 1487 homini
297 1436 428 1505 leproso!
448 1451 492 1490 ru.
512 1438 630 1503 Nullus,
650 1442 764 1507 opinor,
786 1438 905 1491 simodo

94 1505 141 1558 rel
153 1507 293 1558 unciolam
304 1505 407 1562 habeat
417 1521 503 1560 sanae
512 1509 622 1561 mentis.
658 1508 730 1561 Mihi
740 1510 766 1561 si
775 1507 853 1560 lusce
864 1523 907 1560 es·

94 1581 152 1638 set,
171 1573 327 1644 eademque
342 1576 456 1642 clauda,
477 1593 529 1632 nce
543 1577 635 1630 minus
653 1577 802 1641 deformis,
822 1589 906 1644 quam

94 1643 149 1709 tuis
159 1644 308 1699 'l'lrersit'es
320 1647 496 1711 Homericus,
513 1655 656 1715 pestremo
668 1648 809 1710 indotata,
823 1655 905 1701 recu·

95 1722 189 1768 scirem
209 1715 372 1769 istiusmodi
389 1731 534 1785 generum.
570 1734 616 1771 os.
636 1720 673 1771 iit
693 1716 761 1772 haec
782 1718 842 1770 lues
861 1723 906 1772 est

95 1785 262 1853 omnilepra
271 1792 329 1837 tum
342 1788 456 1852 tetrior,
475 1794 535 1839 tum
546 1791 701 1842 nocentior.
737 1787 809 1844 Nam
820 1787 905 1841 citius

92 1857 192 1923 serpit,
213 1862 243 1908 ct
261 1855 379 1910 subinde
398 1858 585 1922 recensitae
606 1858 767 1927 frequenter
787 1857 904 1922 oceidit3

92 1939 177 1992 quum
189 1939 385 1994 nonnunquam
397 1926 906 1996 leprasinatlromincmadextremaru
1007 1949 1011 1954 ’

91 2010 180 2064 usque
192 1997 365 2049 senectutem
375 1997 477 2050 vivere.
514 2011 559 2050 rs.
577 1997 712 2052 Fortasse
727 1998 835 2050 latebat
852 2011 912 2065 po·-

91 2071 187 2118 rcutes
207 2069 304 2132 sponsi
320 2068 443 2120 morbus.
460 2121 464 2126 ,
479 2081 525 2119 os.
551 2069 611 2119 imo
625 2069 741 2136 pulchre
757 2075 901 2121 noverant.

91 2147 137 2186 rs.
155 2133 186 2186 Si
197 2141 257 2187 tam
268 2136 342 2188 male
351 2137 485 2190 volebant
497 2137 583 2202 illine,
599 2139 663 2206 quin
674 2138 768 2209 potius
778 2137 903 2188 insutum

93 2203 174 2256 curleo
185 2205 367 2272 proiecerunt
382 2207 411 2258 in
423 2203 570 2260 Seuldami
592 2221 638 2260 ou.
661 2207 792 2261 Profecto
811 2207 904 2259 levior

91 2273 198 2326 suisset
216 2274 337 2328 insania.
374 2290 418 2328 rs.
438 2278 516 2341 Quae
536 2277 587 2329 dos
608 2275 822 2344 commendabat
842 2276 902 2328 illis

91 2343 246 2411 sponsuml
267 2345 416 2416 praecellit
426 2351 488 2398 arte
499 2345 645 2414 quapiami
670 2361 715 2398 os.
736 2343 902 2398 Permultis=

90 2420 224 2466 strenuus
235 2419 278 2466 est
289 2415 407 2480 aleator,
423 2421 540 2483 potator
550 2416 679 2479 invictus,
694 2418 837 2467 scortator
847 2415 901 2466 im-

89 2483 812 2553 probus,uugsndimentiendiqueartiiesmaximus,
822 2497 902 2550 prae·

90 2551 177 2606 datm
187 2568 245 2606 non
255 2555 360 2622 segnis,
376 2554 510 2608 decoctor
516 2555 645 2617 eximius,
657 2558 831 2605 comessator
840 2567 902 2619 per·

89 2621 175 2674 ditus.
196 2623 272 2686 Quid
285 2624 404 2678 'multisl
420 2640 505 2693 qurum
521 2623 635 2675 scholae
650 2639 706 2675 nrin
717 2623 901 2690 profiteantur

89 2691 145 2744 nisi
160 2699 272 2758 septem
289 2695 523 2752 urtcsliberales,
541 2690 586 2744 hie
596 2692 680 2746 habet
692 2693 898 2761 plusquamde·

90 2775 152 2826 tilii
169 2762 352 2830 duonum,
372 2778 417 2820 us.
437 2762 550 2832 Aliquid
564 2769 659 2818 tamen
672 2763 761 2888 goarii
776 2769 897 2832 opertet,

547 2939 850 3090 lumel
