<?xml version="1.0" encoding="UTF-8"?>
<!DOCTYPE html PUBLIC "-//W3C//DTD XHTML 1.0 Transitional//EN"
    "http://www.w3.org/TR/xhtml1/DTD/xhtml1-transitional.dtd">
<html xmlns="http://www.w3.org/1999/xhtml" xml:lang="en" lang="en">
 <head>
  <title>
</title>
<meta http-equiv="Content-Type" content="text/html;charset=utf-8" />
  <meta name='ocr-system' content='tesseract 3.04.00' />
  <meta name='ocr-capabilities' content='ocr_page ocr_carea ocr_par ocr_line ocrx_word'/>
</head>
<body>
  <div class='ocr_page' id='page_1' title='image "./desideriierasmi01erasgoog_0159.png"; bbox 0 0 2192 3270; ppageno 0'>
   <div class='ocr_carea' id='block_1_1' title="bbox 173 107 864 240">
    <p class='ocr_par' dir='ltr' id='par_1_1' title="bbox 173 107 864 240">
     <span class='ocr_line' id='line_1_1' title="bbox 173 107 864 240; baseline -0.01 -27"><span class='ocrx_word' id='word_1_1' title='bbox 173 121 232 214; x_wconf 70' lang='grc' dir='ltr'>ἰιι</span> <span class='ocrx_word' id='word_1_2' title='bbox 406 153 502 240; x_wconf 67' lang='lat' dir='ltr'>=¹nrm</span> <span class='ocrx_word' id='word_1_3' title='bbox 531 107 766 209; x_wconf 63' lang='lat' dir='ltr'>nononis,</span> <span class='ocrx_word' id='word_1_4' title='bbox 861 161 864 166; x_wconf 93' lang='lat'>·</span> 
     </span>
    </p>
   </div>
   <div class='ocr_carea' id='block_1_2' title="bbox 177 253 996 1031">
    <p class='ocr_par' dir='ltr' id='par_1_2' title="bbox 177 253 996 1031">
     <span class='ocr_line' id='line_1_2' title="bbox 180 253 992 333; baseline -0.005 -15"><span class='ocrx_word' id='word_1_5' title='bbox 180 280 231 333; x_wconf 88' lang='lat' dir='ltr'>per</span> <span class='ocrx_word' id='word_1_6' title='bbox 247 266 435 331; x_wconf 83' lang='lat' dir='ltr'>assequuntur</span> <span class='ocrx_word' id='word_1_7' title='bbox 450 260 525 330; x_wconf 88' lang='lat' dir='ltr'>quod</span> <span class='ocrx_word' id='word_1_8' title='bbox 543 259 680 314; x_wconf 85' lang='lat' dir='ltr'>ambiunt.</span> <span class='ocrx_word' id='word_1_9' title='bbox 717 260 755 312; x_wconf 88' lang='lat' dir='ltr'>Et</span> <span class='ocrx_word' id='word_1_10' title='bbox 771 254 878 313; x_wconf 81' lang='lat' dir='ltr'>hahent</span> <span class='ocrx_word' id='word_1_11' title='bbox 890 253 992 314; x_wconf 82' lang='lat' dir='ltr'>studio·</span> 
     </span>
     <span class='ocr_line' id='line_1_3' title="bbox 179 329 992 398; baseline 0 -12"><span class='ocrx_word' id='word_1_12' title='bbox 179 350 241 387; x_wconf 87' lang='lat' dir='ltr'>runr</span> <span class='ocrx_word' id='word_1_13' title='bbox 253 333 366 386; x_wconf 86' lang='lat' dir='ltr'>labores</span> <span class='ocrx_word' id='word_1_14' title='bbox 377 332 496 384; x_wconf 86' lang='lat' dir='ltr'>multum</span> <span class='ocrx_word' id='word_1_15' title='bbox 507 330 664 384; x_wconf 87' lang='lat' dir='ltr'>admixtum</span> <span class='ocrx_word' id='word_1_16' title='bbox 674 331 781 394; x_wconf 86' lang='lat' dir='ltr'>mellis,</span> <span class='ocrx_word' id='word_1_17' title='bbox 795 331 825 382; x_wconf 81' lang='lat' dir='ltr'>‘si</span> <span class='ocrx_word' id='word_1_18' title='bbox 837 329 992 398; x_wconf 75' lang='lat' dir='ltr'><strong>paullulum</strong></span> 
     </span>
     <span class='ocr_line' id='line_1_4' title="bbox 177 400 992 471; baseline -0.006 -14"><span class='ocrx_word' id='word_1_19' title='bbox 177 409 208 458; x_wconf 89' lang='lat' dir='ltr'>in</span> <span class='ocrx_word' id='word_1_20' title='bbox 217 419 253 457; x_wconf 87' lang='lat' dir='ltr'>ea</span> <span class='ocrx_word' id='word_1_21' title='bbox 262 403 443 471; x_wconf 86' lang='lat' dir='ltr'>processeris.</span> <span class='ocrx_word' id='word_1_22' title='bbox 473 402 530 454; x_wconf 86' lang='lat' dir='ltr'>larn</span> <span class='ocrx_word' id='word_1_23' title='bbox 543 401 572 452; x_wconf 94' lang='lat' dir='ltr'>in</span> <span class='ocrx_word' id='word_1_24' title='bbox 582 407 611 454; x_wconf 89' lang='lat' dir='ltr'>te</span> <span class='ocrx_word' id='word_1_25' title='bbox 620 400 696 454; x_wconf 86' lang='lat' dir='ltr'>bona</span> <span class='ocrx_word' id='word_1_26' title='bbox 707 415 742 454; x_wconf 84' lang='lat' dir='ltr'>ex</span> <span class='ocrx_word' id='word_1_27' title='bbox 752 408 832 468; x_wconf 89' lang='lat' dir='ltr'>parte</span> <span class='ocrx_word' id='word_1_28' title='bbox 844 401 930 452; x_wconf 87' lang='lat' dir='ltr'>situnr</span> <span class='ocrx_word' id='word_1_29' title='bbox 942 411 992 466; x_wconf 85' lang='lat' dir='ltr'>est,</span> 
     </span>
     <span class='ocr_line' id='line_1_5' title="bbox 177 471 990 541; baseline -0.005 -15"><span class='ocrx_word' id='word_1_30' title='bbox 177 479 211 526; x_wconf 86' lang='lat' dir='ltr'>ut</span> <span class='ocrx_word' id='word_1_31' title='bbox 226 484 358 541; x_wconf 81' lang='lat' dir='ltr'>magnam</span> <span class='ocrx_word' id='word_1_32' title='bbox 372 471 530 527; x_wconf 76' lang='lat' dir='ltr'>taediorum</span> <span class='ocrx_word' id='word_1_33' title='bbox 546 476 657 539; x_wconf 86' lang='lat' dir='ltr'>partem</span> <span class='ocrx_word' id='word_1_34' title='bbox 669 477 806 538; x_wconf 86' lang='lat' dir='ltr'>amputes.</span> <span class='ocrx_word' id='word_1_35' title='bbox 843 483 892 522; x_wconf 84' lang='lat' dir='ltr'>nn.</span> <span class='ocrx_word' id='word_1_36' title='bbox 915 471 990 535; x_wconf 77' lang='lat' dir='ltr'>Quo·</span> 
     </span>
     <span class='ocr_line' id='line_1_6' title="bbox 178 539 992 612; baseline -0.002 -16"><span class='ocrx_word' id='word_1_37' title='bbox 178 559 242 596; x_wconf 87' lang='lat' dir='ltr'>narn</span> <span class='ocrx_word' id='word_1_38' title='bbox 254 542 355 612; x_wconf 79' lang='lat' dir='ltr'>pactoi</span> <span class='ocrx_word' id='word_1_39' title='bbox 373 555 422 596; x_wconf 78' lang='lat' dir='ltr'>nu.</span> <span class='ocrx_word' id='word_1_40' title='bbox 441 541 575 605; x_wconf 85' lang='lat' dir='ltr'>Primum,</span> <span class='ocrx_word' id='word_1_41' title='bbox 593 545 625 592; x_wconf 92' lang='lat' dir='ltr'>ut</span> <span class='ocrx_word' id='word_1_42' title='bbox 637 542 762 594; x_wconf 86' lang='lat' dir='ltr'>animum</span> <span class='ocrx_word' id='word_1_43' title='bbox 773 539 889 592; x_wconf 80' lang='lat' dir='ltr'><strong>inducas</strong></span> <span class='ocrx_word' id='word_1_44' title='bbox 900 554 992 594; x_wconf 74' lang='lat' dir='ltr'>entare</span> 
     </span>
     <span class='ocr_line' id='line_1_7' title="bbox 177 609 994 678; baseline -0.006 -12"><span class='ocrx_word' id='word_1_45' title='bbox 177 613 280 668; x_wconf 84' lang='lat' dir='ltr'>studia.</span> <span class='ocrx_word' id='word_1_46' title='bbox 316 611 436 678; x_wconf 84' lang='lat' dir='ltr'>Deinde,</span> <span class='ocrx_word' id='word_1_47' title='bbox 451 617 483 666; x_wconf 90' lang='lat' dir='ltr'>ut</span> <span class='ocrx_word' id='word_1_48' title='bbox 494 627 528 665; x_wconf 90' lang='lat' dir='ltr'>ea</span> <span class='ocrx_word' id='word_1_49' title='bbox 539 609 659 664; x_wconf 87' lang='lat' dir='ltr'>mireris.</span> <span class='ocrx_word' id='word_1_50' title='bbox 696 625 744 663; x_wconf 80' lang='lat' dir='ltr'>un.</span> <span class='ocrx_word' id='word_1_51' title='bbox 758 610 866 673; x_wconf 77' lang='lat' dir='ltr'>Quibus</span> <span class='ocrx_word' id='word_1_52' title='bbox 876 611 994 663; x_wconf 88' lang='lat' dir='ltr'>rationi·</span> 
     </span>
     <span class='ocr_line' id='line_1_8' title="bbox 177 679 993 754; baseline -0.004 -18"><span class='ocrx_word' id='word_1_53' title='bbox 177 684 233 736; x_wconf 86' lang='lat' dir='ltr'>bus</span> <span class='ocrx_word' id='word_1_54' title='bbox 244 681 298 736; x_wconf 89' lang='lat' dir='ltr'>hoc</span> <span class='ocrx_word' id='word_1_55' title='bbox 308 682 375 737; x_wconf 78' lang='lat' dir='ltr'>fleti</span> <span class='ocrx_word' id='word_1_56' title='bbox 410 695 458 736; x_wconf 79' lang='lat' dir='ltr'>nu.</span> <span class='ocrx_word' id='word_1_57' title='bbox 476 681 702 749; x_wconf 71' lang='lat' dir='ltr'>contemplare,</span> <span class='ocrx_word' id='word_1_58' title='bbox 711 695 794 749; x_wconf 88' lang='lat' dir='ltr'>quarn</span> <span class='ocrx_word' id='word_1_59' title='bbox 805 679 911 754; x_wconf 77' lang='lat' dir='ltr'>multos</span> <span class='ocrx_word' id='word_1_60' title='bbox 921 681 993 733; x_wconf 90' lang='lat' dir='ltr'>dita·</span> 
     </span>
     <span class='ocr_line' id='line_1_9' title="bbox 177 750 994 821; baseline -0.004 -15"><span class='ocrx_word' id='word_1_61' title='bbox 177 755 244 817; x_wconf 89' lang='lat' dir='ltr'>rint,</span> <span class='ocrx_word' id='word_1_62' title='bbox 256 767 338 821; x_wconf 88' lang='lat' dir='ltr'>quam</span> <span class='ocrx_word' id='word_1_63' title='bbox 348 751 453 806; x_wconf 85' lang='lat' dir='ltr'>multos</span> <span class='ocrx_word' id='word_1_64' title='bbox 463 753 500 805; x_wconf 84' lang='lat' dir='ltr'>ad</span> <span class='ocrx_word' id='word_1_65' title='bbox 511 765 649 805; x_wconf 84' lang='lat' dir='ltr'>summam</span> <span class='ocrx_word' id='word_1_66' title='bbox 660 751 828 819; x_wconf 85' lang='lat' dir='ltr'>dignitatem</span> <span class='ocrx_word' id='word_1_67' title='bbox 841 750 994 803; x_wconf 77' lang='lat' dir='ltr'>auetorita-</span> 
     </span>
     <span class='ocr_line' id='line_1_10' title="bbox 179 819 993 894; baseline -0.007 -16"><span class='ocrx_word' id='word_1_68' title='bbox 179 819 293 894; x_wconf 78' lang='lat' dir='ltr'>te&#39;mque</span> <span class='ocrx_word' id='word_1_69' title='bbox 303 823 617 892; x_wconf 78' lang='lat' dir='ltr'>provexerintliteraez</span> <span class='ocrx_word' id='word_1_70' title='bbox 641 821 781 890; x_wconf 88' lang='lat' dir='ltr'>simulque</span> <span class='ocrx_word' id='word_1_71' title='bbox 795 823 885 875; x_wconf 85' lang='lat' dir='ltr'>tecum</span> <span class='ocrx_word' id='word_1_72' title='bbox 901 820 993 872; x_wconf 87' lang='lat' dir='ltr'>consi·</span> 
     </span>
     <span class='ocr_line' id='line_1_11' title="bbox 179 888 992 962; baseline -0.009 -14"><span class='ocrx_word' id='word_1_73' title='bbox 179 895 263 959; x_wconf 86' lang='lat' dir='ltr'>dere,</span> <span class='ocrx_word' id='word_1_74' title='bbox 284 900 417 962; x_wconf 87' lang='lat' dir='ltr'>quantum</span> <span class='ocrx_word' id='word_1_75' title='bbox 433 893 545 947; x_wconf 86' lang='lat' dir='ltr'>intersit</span> <span class='ocrx_word' id='word_1_76' title='bbox 556 894 631 946; x_wconf 88' lang='lat' dir='ltr'>inter</span> <span class='ocrx_word' id='word_1_77' title='bbox 648 891 789 945; x_wconf 86' lang='lat' dir='ltr'>hominem</span> <span class='ocrx_word' id='word_1_78' title='bbox 805 897 834 946; x_wconf 88' lang='lat' dir='ltr'>et</span> <span class='ocrx_word' id='word_1_79' title='bbox 848 888 992 958; x_wconf 75' lang='lat' dir='ltr'>pecudem.</span> 
     </span>
     <span class='ocr_line' id='line_1_12' title="bbox 179 962 996 1031; baseline -0.007 -13"><span class='ocrx_word' id='word_1_80' title='bbox 179 977 229 1018; x_wconf 74' lang='lat' dir='ltr'>un.</span> <span class='ocrx_word' id='word_1_81' title='bbox 241 965 335 1018; x_wconf 89' lang='lat' dir='ltr'>Probe</span> <span class='ocrx_word' id='word_1_82' title='bbox 346 977 450 1017; x_wconf 84' lang='lat' dir='ltr'>nrones.</span> <span class='ocrx_word' id='word_1_83' title='bbox 461 979 509 1018; x_wconf 80' lang='lat' dir='ltr'>nn.</span> <span class='ocrx_word' id='word_1_84' title='bbox 516 963 626 1027; x_wconf 87' lang='lat' dir='ltr'>Deinde</span> <span class='ocrx_word' id='word_1_85' title='bbox 638 963 746 1018; x_wconf 89' lang='lat' dir='ltr'>cicures</span> <span class='ocrx_word' id='word_1_86' title='bbox 757 962 902 1031; x_wconf 80' lang='lat' dir='ltr'>ingenium</span> <span class='ocrx_word' id='word_1_87' title='bbox 915 967 996 1014; x_wconf 85' lang='lat' dir='ltr'>tuum</span> 
     </span>
    </p>
   </div>
   <div class='ocr_carea' id='block_1_3' title="bbox 181 1029 1082 1102">
    <p class='ocr_par' dir='ltr' id='par_1_3' title="bbox 181 1029 1082 1102">
     <span class='ocr_line' id='line_1_13' title="bbox 181 1029 1082 1102; baseline -0.003 -15"><span class='ocrx_word' id='word_1_88' title='bbox 181 1040 312 1101; x_wconf 79' lang='lat' dir='ltr'>oportet,</span> <span class='ocrx_word' id='word_1_89' title='bbox 330 1034 569 1102; x_wconf 83' lang='lat' dir='ltr'>utpossitsecum</span> <span class='ocrx_word' id='word_1_90' title='bbox 581 1033 750 1096; x_wconf 76' lang='lat' dir='ltr'>consistere,</span> <span class='ocrx_word' id='word_1_91' title='bbox 771 1029 908 1102; x_wconf 86' lang='lat' dir='ltr'>atqnehis</span> <span class='ocrx_word' id='word_1_92' title='bbox 920 1030 996 1084; x_wconf 88' lang='lat' dir='ltr'>dele·</span> <span class='ocrx_word' id='word_1_93' title='bbox 1043 1042 1047 1046; x_wconf 87' lang='grc'><em>·</em></span> <span class='ocrx_word' id='word_1_94' title='bbox 1081 1051 1082 1074; x_wconf 66' lang='lat'>÷</span> 
     </span>
    </p>
   </div>
   <div class='ocr_carea' id='block_1_4' title="bbox 128 1099 999 1733">
    <p class='ocr_par' dir='ltr' id='par_1_4' title="bbox 128 1099 999 1733">
     <span class='ocr_line' id='line_1_14' title="bbox 128 1099 997 1227; baseline -0.007 -68"><span class='ocrx_word' id='word_1_95' title='bbox 128 1167 129 1174; x_wconf 8' lang='grc' dir='ltr'>ἵ</span> <span class='ocrx_word' id='word_1_96' title='bbox 162 1105 346 1227; x_wconf 55' lang='lat' dir='ltr'>‚ctan,&#39;qqae</span> <span class='ocrx_word' id='word_1_97' title='bbox 358 1105 513 1159; x_wconf 87' lang='lat' dir='ltr'>utilitatem</span> <span class='ocrx_word' id='word_1_98' title='bbox 523 1099 857 1172; x_wconf 85' lang='lat' dir='ltr'>adferuntpotius&#39;quarn</span> <span class='ocrx_word' id='word_1_99' title='bbox 867 1101 997 1167; x_wconf 79' lang='lat' dir='ltr'>volupta-</span> 
     </span>
     <span class='ocr_line' id='line_1_15' title="bbox 179 1171 996 1244; baseline -0.004 -18"><span class='ocrx_word' id='word_1_100' title='bbox 179 1180 249 1228; x_wconf 89' lang='lat' dir='ltr'>tem.</span> <span class='ocrx_word' id='word_1_101' title='bbox 314 1190 358 1226; x_wconf 86' lang='lat' dir='ltr'>am</span> <span class='ocrx_word' id='word_1_102' title='bbox 370 1191 505 1244; x_wconf 84' lang='lat' dir='ltr'>quaeper</span> <span class='ocrx_word' id='word_1_103' title='bbox 516 1191 548 1230; x_wconf 88' lang='lat' dir='ltr'>se</span> <span class='ocrx_word' id='word_1_104' title='bbox 559 1179 625 1230; x_wconf 86' lang='lat' dir='ltr'>sunt</span> <span class='ocrx_word' id='word_1_105' title='bbox 635 1174 769 1240; x_wconf 84' lang='lat' dir='ltr'>honesta,</span> <span class='ocrx_word' id='word_1_106' title='bbox 790 1172 903 1226; x_wconf 87' lang='lat' dir='ltr'>etiamsi</span> <span class='ocrx_word' id='word_1_107' title='bbox 913 1171 996 1223; x_wconf 88' lang='lat' dir='ltr'>initio</span> 
     </span>
     <span class='ocr_line' id='line_1_16' title="bbox 179 1239 996 1310; baseline -0.006 -14"><span class='ocrx_word' id='word_1_108' title='bbox 179 1243 311 1297; x_wconf 87' lang='lat' dir='ltr'>nonnihil</span> <span class='ocrx_word' id='word_1_109' title='bbox 326 1244 431 1298; x_wconf 89' lang='lat' dir='ltr'>habent</span> <span class='ocrx_word' id='word_1_110' title='bbox 445 1245 610 1310; x_wconf 73' lang='lat' dir='ltr'>molestiae,</span> <span class='ocrx_word' id='word_1_111' title='bbox 631 1249 729 1298; x_wconf 86' lang='lat' dir='ltr'>tumen</span> <span class='ocrx_word' id='word_1_112' title='bbox 740 1239 922 1296; x_wconf 80' lang='lat' dir='ltr'>assuetudine</span> <span class='ocrx_word' id='word_1_113' title='bbox 933 1240 996 1308; x_wconf 90' lang='lat' dir='ltr'>dul·-</span> 
     </span>
     <span class='ocr_line' id='line_1_17' title="bbox 182 1314 998 1385; baseline -0.006 -18"><span class='ocrx_word' id='word_1_114' title='bbox 182 1321 311 1368; x_wconf 87' lang='lat' dir='ltr'>cescunt:</span> <span class='ocrx_word' id='word_1_115' title='bbox 334 1314 377 1368; x_wconf 86' lang='lat' dir='ltr'>ite</span> <span class='ocrx_word' id='word_1_116' title='bbox 388 1316 451 1381; x_wconf 86' lang='lat' dir='ltr'>fiet,</span> <span class='ocrx_word' id='word_1_117' title='bbox 472 1321 506 1368; x_wconf 92' lang='lat' dir='ltr'>ut</span> <span class='ocrx_word' id='word_1_118' title='bbox 516 1322 546 1370; x_wconf 86' lang='lat' dir='ltr'>et</span> <span class='ocrx_word' id='word_1_119' title='bbox 556 1317 649 1369; x_wconf 86' lang='lat' dir='ltr'>miuus</span> <span class='ocrx_word' id='word_1_120' title='bbox 659 1314 764 1385; x_wconf 79' lang='lat' dir='ltr'>fatiges</span> <span class='ocrx_word' id='word_1_121' title='bbox 775 1317 998 1381; x_wconf 83' lang='lat' dir='ltr'>praeceptorem,</span> 
     </span>
     <span class='ocr_line' id='line_1_18' title="bbox 181 1381 995 1455; baseline -0.006 -18"><span class='ocrx_word' id='word_1_122' title='bbox 181 1389 212 1437; x_wconf 90' lang='lat' dir='ltr'>et</span> <span class='ocrx_word' id='word_1_123' title='bbox 233 1381 295 1454; x_wconf 86' lang='lat' dir='ltr'>ipse</span> <span class='ocrx_word' id='word_1_124' title='bbox 314 1383 430 1454; x_wconf 75' lang='lat' dir='ltr'>facilius</span> <span class='ocrx_word' id='word_1_125' title='bbox 449 1387 607 1455; x_wconf 88' lang='lat' dir='ltr'>percipias,</span> <span class='ocrx_word' id='word_1_126' title='bbox 636 1386 716 1438; x_wconf 84' lang='lat' dir='ltr'>iuxta</span> <span class='ocrx_word' id='word_1_127' title='bbox 735 1384 841 1437; x_wconf 84' lang='lat' dir='ltr'>dietum</span> <span class='ocrx_word' id='word_1_128' title='bbox 862 1381 995 1434; x_wconf 88' lang='lat' dir='ltr'>lsocroti·</span> 
     </span>
     <span class='ocr_line' id='line_1_19' title="bbox 181 1451 995 1524; baseline -0.009 -16"><span class='ocrx_word' id='word_1_129' title='bbox 181 1468 245 1508; x_wconf 88' lang='lat' dir='ltr'>eum</span> <span class='ocrx_word' id='word_1_130' title='bbox 257 1457 295 1520; x_wconf 83' lang='lat'>*),</span> <span class='ocrx_word' id='word_1_131' title='bbox 311 1455 406 1509; x_wconf 81' lang='lat' dir='ltr'>aureis</span> <span class='ocrx_word' id='word_1_132' title='bbox 422 1451 514 1510; x_wconf 89' lang='lat' dir='ltr'>literis</span> <span class='ocrx_word' id='word_1_133' title='bbox 529 1459 559 1508; x_wconf 88' lang='lat' dir='ltr'>in</span> <span class='ocrx_word' id='word_1_134' title='bbox 576 1454 753 1524; x_wconf 83' lang='lat' dir='ltr'>frontispicio</span> <span class='ocrx_word' id='word_1_135' title='bbox 766 1452 871 1508; x_wconf 88' lang='lat' dir='ltr'>codicis</span> <span class='ocrx_word' id='word_1_136' title='bbox 881 1451 924 1505; x_wconf 89' lang='lat' dir='ltr'>tui</span> <span class='ocrx_word' id='word_1_137' title='bbox 935 1451 995 1519; x_wconf 91' lang='lat' dir='ltr'>pin-</span> 
     </span>
     <span class='ocr_line' id='line_1_20' title="bbox 179 1519 997 1595; baseline -0.009 -17"><span class='ocrx_word' id='word_1_138' title='bbox 179 1524 313 1593; x_wconf 71' lang='lat' dir='ltr'>gendum,</span> <span class='ocrx_word' id='word_1_139' title='bbox 321 1522 385 1576; x_wconf 72' lang='lat' dir='ltr'>’Etr</span> <span class='ocrx_word' id='word_1_140' title='bbox 396 1519 429 1595; x_wconf 78' lang='grc' dir='ltr'>ᾖς</span> <span class='ocrx_word' id='word_1_141' title='bbox 438 1524 604 1594; x_wconf 65' lang='grc' dir='ltr'>φιλομαθὴς,</span> <span class='ocrx_word' id='word_1_142' title='bbox 616 1527 660 1590; x_wconf 75' lang='grc' dir='ltr'>ἴσῃ</span> <span class='ocrx_word' id='word_1_143' title='bbox 671 1522 844 1592; x_wconf 67' lang='grc' dir='ltr'><em>πολυμαθής.</em></span> <span class='ocrx_word' id='word_1_144' title='bbox 861 1538 907 1576; x_wconf 77' lang='grc' dir='ltr'>Εκ.</span> <span class='ocrx_word' id='word_1_145' title='bbox 920 1520 997 1574; x_wconf 79' lang='lat' dir='ltr'>Satis</span> 
     </span>
     <span class='ocr_line' id='line_1_21' title="bbox 143 1591 997 1662; baseline -0.006 -13"><span class='ocrx_word' id='word_1_146' title='bbox 143 1605 162 1662; x_wconf 73' lang='lat' dir='ltr'>&#39;j</span> <span class='ocrx_word' id='word_1_147' title='bbox 180 1595 265 1649; x_wconf 76' lang='lat' dir='ltr'>adest</span> <span class='ocrx_word' id='word_1_148' title='bbox 276 1593 433 1649; x_wconf 86' lang='lat' dir='ltr'>celeritatis</span> <span class='ocrx_word' id='word_1_149' title='bbox 445 1596 476 1648; x_wconf 92' lang='lat' dir='ltr'>in</span> <span class='ocrx_word' id='word_1_150' title='bbox 486 1592 676 1662; x_wconf 86' lang='lat' dir='ltr'>percipiendo,</span> <span class='ocrx_word' id='word_1_151' title='bbox 682 1593 731 1646; x_wconf 88' lang='lat' dir='ltr'>sed</span> <span class='ocrx_word' id='word_1_152' title='bbox 742 1607 808 1647; x_wconf 81' lang='lat' dir='ltr'>mox</span> <span class='ocrx_word' id='word_1_153' title='bbox 819 1591 909 1646; x_wconf 87' lang='lat' dir='ltr'>effluit</span> <span class='ocrx_word' id='word_1_154' title='bbox 920 1591 997 1660; x_wconf 88' lang='lat' dir='ltr'>quod</span> 
     </span>
     <span class='ocr_line' id='line_1_22' title="bbox 201 1661 999 1733; baseline -0.001 -16"><span class='ocrx_word' id='word_1_155' title='bbox 201 1670 344 1733; x_wconf 89' lang='lat' dir='ltr'>crceptum</span> <span class='ocrx_word' id='word_1_156' title='bbox 355 1670 407 1718; x_wconf 86' lang='lat' dir='ltr'>est.</span> <span class='ocrx_word' id='word_1_157' title='bbox 430 1679 479 1718; x_wconf 80' lang='lat' dir='ltr'>ne.</span> <span class='ocrx_word' id='word_1_158' title='bbox 490 1665 588 1732; x_wconf 77' lang='lat' dir='ltr'>ltaque</span> <span class='ocrx_word' id='word_1_159' title='bbox 599 1668 745 1733; x_wconf 86' lang='lat' dir='ltr'>pertusum</span> <span class='ocrx_word' id='word_1_160' title='bbox 755 1661 826 1716; x_wconf 90' lang='lat' dir='ltr'>mihi</span> <span class='ocrx_word' id='word_1_161' title='bbox 837 1677 936 1718; x_wconf 85' lang='lat' dir='ltr'>narras</span> <span class='ocrx_word' id='word_1_162' title='bbox 949 1662 999 1716; x_wconf 87' lang='lat' dir='ltr'>du·</span> 
     </span>
    </p>
   </div>
   <div class='ocr_carea' id='block_1_5' title="bbox 178 1679 1081 1802">
    <p class='ocr_par' dir='ltr' id='par_1_5' title="bbox 178 1679 1081 1802">
     <span class='ocr_line' id='line_1_23' title="bbox 178 1679 1081 1802; baseline -0.003 -16"><span class='ocrx_word' id='word_1_163' title='bbox 178 1679 261 1788; x_wconf 71' lang='lat' dir='ltr'>fiam.</span> <span class='ocrx_word' id='word_1_164' title='bbox 290 1749 337 1787; x_wconf 82' lang='lat' dir='ltr'>nn.</span> <span class='ocrx_word' id='word_1_165' title='bbox 348 1733 434 1787; x_wconf 83' lang='lat' dir='ltr'>Haud</span> <span class='ocrx_word' id='word_1_166' title='bbox 445 1734 567 1787; x_wconf 88' lang='lat' dir='ltr'>multum</span> <span class='ocrx_word' id='word_1_167' title='bbox 578 1735 827 1802; x_wconf 84' lang='lat' dir='ltr'>aberrasascopo.</span> <span class='ocrx_word' id='word_1_168' title='bbox 860 1732 917 1787; x_wconf 85' lang='lat' dir='ltr'>Sed</span> <span class='ocrx_word' id='word_1_169' title='bbox 929 1730 998 1801; x_wconf 89' lang='lat' dir='ltr'>quid</span> <span class='ocrx_word' id='word_1_170' title='bbox 1080 1741 1081 1746; x_wconf 74' lang='grc'>’</span> 
     </span>
    </p>
   </div>
   <div class='ocr_carea' id='block_1_6' title="bbox 42 1786 996 1872">
    <p class='ocr_par' dir='ltr' id='par_1_6' title="bbox 42 1786 996 1872">
     <span class='ocr_line' id='line_1_24' title="bbox 42 1786 996 1872; baseline -0.002 -16"><span class='ocrx_word' id='word_1_171' title='bbox 42 1786 52 1803; x_wconf 55' lang='lat'><em>¹</em></span> <span class='ocrx_word' id='word_1_172' title='bbox 109 1819 114 1824; x_wconf 92' lang='lat'>·</span> <span class='ocrx_word' id='word_1_173' title='bbox 177 1803 316 1857; x_wconf 85' lang='lat' dir='ltr'>remediil</span> <span class='ocrx_word' id='word_1_174' title='bbox 336 1818 385 1857; x_wconf 81' lang='lat' dir='ltr'>nu.</span> <span class='ocrx_word' id='word_1_175' title='bbox 407 1805 571 1858; x_wconf 87' lang='lat' dir='ltr'>Obturanda</span> <span class='ocrx_word' id='word_1_176' title='bbox 582 1811 627 1858; x_wconf 88' lang='lat' dir='ltr'>est</span> <span class='ocrx_word' id='word_1_177' title='bbox 637 1805 717 1868; x_wconf 87' lang='lat' dir='ltr'>rima,</span> <span class='ocrx_word' id='word_1_178' title='bbox 733 1821 769 1858; x_wconf 90' lang='lat' dir='ltr'>ne</span> <span class='ocrx_word' id='word_1_179' title='bbox 779 1802 910 1872; x_wconf 81' lang='lat' dir='ltr'>perfluat,</span> <span class='ocrx_word' id='word_1_180' title='bbox 947 1817 996 1855; x_wconf 78' lang='lat' dir='ltr'>un.</span> 
     </span>
    </p>
   </div>
   <div class='ocr_carea' id='block_1_7' title="bbox 178 1871 997 1995">
    <p class='ocr_par' dir='ltr' id='par_1_7' title="bbox 178 1871 997 1995">
     <span class='ocr_line' id='line_1_25' title="bbox 178 1871 997 1995; baseline -0.002 -70"><span class='ocrx_word' id='word_1_181' title='bbox 178 1871 286 1935; x_wconf 78' lang='lat' dir='ltr'>Quibus</span> <span class='ocrx_word' id='word_1_182' title='bbox 297 1874 400 1927; x_wconf 80' lang='lat' dir='ltr'>retusi</span> <span class='ocrx_word' id='word_1_183' title='bbox 421 1887 469 1928; x_wconf 78' lang='lat' dir='ltr'>ou.</span> <span class='ocrx_word' id='word_1_184' title='bbox 480 1875 544 1929; x_wconf 90' lang='lat' dir='ltr'>Non</span> <span class='ocrx_word' id='word_1_185' title='bbox 555 1875 662 1940; x_wconf 79' lang='lat' dir='ltr'>muico,</span> <span class='ocrx_word' id='word_1_186' title='bbox 675 1889 765 1995; x_wconf 60' lang='lat' dir='ltr'>neqqe</span> <span class='ocrx_word' id='word_1_187' title='bbox 776 1888 880 1944; x_wconf 86' lang='lat' dir='ltr'>gypso,</span> <span class='ocrx_word' id='word_1_188' title='bbox 892 1872 945 1930; x_wconf 87' lang='lat' dir='ltr'>sed</span> <span class='ocrx_word' id='word_1_189' title='bbox 955 1872 997 1924; x_wconf 90' lang='lat' dir='ltr'>di·</span> 
     </span>
    </p>
   </div>
   <div class='ocr_carea' id='block_1_8' title="bbox 176 1941 1081 2020">
    <p class='ocr_par' dir='ltr' id='par_1_8' title="bbox 176 1941 1081 2020">
     <span class='ocr_line' id='line_1_26' title="bbox 176 1941 1081 2020; baseline -0.002 -25"><span class='ocrx_word' id='word_1_190' title='bbox 176 1942 309 2012; x_wconf 89' lang='lat' dir='ltr'>ligentia.</span> <span class='ocrx_word' id='word_1_191' title='bbox 342 1945 399 2008; x_wconf 81' lang='lat' dir='ltr'>Qui</span> <span class='ocrx_word' id='word_1_192' title='bbox 409 1957 492 1999; x_wconf 84' lang='lat' dir='ltr'>voces</span> <span class='ocrx_word' id='word_1_193' title='bbox 504 1947 607 1999; x_wconf 83' lang='lat' dir='ltr'>ediscit</span> <span class='ocrx_word' id='word_1_194' title='bbox 618 1959 675 1996; x_wconf 92' lang='lat' dir='ltr'>non</span> <span class='ocrx_word' id='word_1_195' title='bbox 686 1945 745 1997; x_wconf 92' lang='lat' dir='ltr'>inte</span> <span class='ocrx_word' id='word_1_196' title='bbox 758 1945 832 1998; x_wconf 89' lang='lat' dir='ltr'>lecta</span> <span class='ocrx_word' id='word_1_197' title='bbox 842 1944 998 2008; x_wconf 83' lang='lat' dir='ltr'>sententie,</span> <span class='ocrx_word' id='word_1_198' title='bbox 1080 1941 1081 2020; x_wconf 60' lang='lat' dir='ltr'>J</span> 
     </span>
    </p>
   </div>
   <div class='ocr_carea' id='block_1_9' title="bbox 175 2008 994 2293">
    <p class='ocr_par' dir='ltr' id='par_1_9' title="bbox 175 2008 994 2293">
     <span class='ocr_line' id='line_1_27' title="bbox 175 2008 994 2082; baseline -0.001 -16"><span class='ocrx_word' id='word_1_199' title='bbox 175 2027 245 2067; x_wconf 85' lang='lat' dir='ltr'>mox</span> <span class='ocrx_word' id='word_1_200' title='bbox 265 2012 456 2077; x_wconf 63' lang='lat' dir='ltr'>obliviscitum</span> <span class='ocrx_word' id='word_1_201' title='bbox 476 2029 542 2068; x_wconf 88' lang='lat' dir='ltr'>nam</span> <span class='ocrx_word' id='word_1_202' title='bbox 562 2015 664 2080; x_wconf 84' lang='lat' dir='ltr'>verba,</span> <span class='ocrx_word' id='word_1_203' title='bbox 680 2008 713 2066; x_wconf 76' lang='lat' dir='ltr'>ui</span> <span class='ocrx_word' id='word_1_204' title='bbox 733 2015 827 2082; x_wconf 86' lang='lat' dir='ltr'>inquit</span> <span class='ocrx_word' id='word_1_205' title='bbox 842 2016 994 2078; x_wconf 84' lang='lat' dir='ltr'>Homerus,</span> 
     </span>
     <span class='ocr_line' id='line_1_28' title="bbox 176 2078 993 2152; baseline 0.002 -18"><span class='ocrx_word' id='word_1_206' title='bbox 176 2078 322 2150; x_wconf 72' lang='grc' dir='ltr'><strong><em>πτερόεντα</em></strong></span> <span class='ocrx_word' id='word_1_207' title='bbox 333 2089 406 2148; x_wconf 85' lang='lat' dir='ltr'>sunt,</span> <span class='ocrx_word' id='word_1_208' title='bbox 422 2083 562 2152; x_wconf 78' lang='lat' dir='ltr'>facileque</span> <span class='ocrx_word' id='word_1_209' title='bbox 573 2086 701 2148; x_wconf 85' lang='lat' dir='ltr'>avolant,</span> <span class='ocrx_word' id='word_1_210' title='bbox 720 2085 778 2136; x_wconf 89' lang='lat' dir='ltr'>nisi</span> <span class='ocrx_word' id='word_1_211' title='bbox 788 2085 993 2138; x_wconf 86' lang='lat' dir='ltr'>sententiarum</span> 
     </span>
     <span class='ocr_line' id='line_1_29' title="bbox 176 2151 991 2224; baseline 0.004 -20"><span class='ocrx_word' id='word_1_212' title='bbox 176 2151 303 2220; x_wconf 89' lang='lat' dir='ltr'>pendere</span> <span class='ocrx_word' id='word_1_213' title='bbox 314 2154 458 2208; x_wconf 83' lang='lat' dir='ltr'>librentur.</span> <span class='ocrx_word' id='word_1_214' title='bbox 486 2155 583 2208; x_wconf 90' lang='lat' dir='ltr'>Prima</span> <span class='ocrx_word' id='word_1_215' title='bbox 592 2155 684 2224; x_wconf 87' lang='lat' dir='ltr'>igitur</span> <span class='ocrx_word' id='word_1_216' title='bbox 695 2167 762 2208; x_wconf 90' lang='lat' dir='ltr'>eura</span> <span class='ocrx_word' id='word_1_217' title='bbox 772 2155 820 2220; x_wconf 89' lang='lat' dir='ltr'>sit,</span> <span class='ocrx_word' id='word_1_218' title='bbox 831 2161 864 2210; x_wconf 87' lang='lat' dir='ltr'>ut</span> <span class='ocrx_word' id='word_1_219' title='bbox 872 2170 932 2208; x_wconf 87' lang='lat' dir='ltr'>rem</span> <span class='ocrx_word' id='word_1_220' title='bbox 942 2169 991 2223; x_wconf 87' lang='lat' dir='ltr'>pe·</span> 
     </span>
     <span class='ocr_line' id='line_1_30' title="bbox 176 2221 991 2293; baseline 0.009 -20"><span class='ocrx_word' id='word_1_221' title='bbox 176 2221 255 2275; x_wconf 88' lang='lat' dir='ltr'>nitus</span> <span class='ocrx_word' id='word_1_222' title='bbox 266 2224 424 2293; x_wconf 84' lang='lat' dir='ltr'>intelligas,</span> <span class='ocrx_word' id='word_1_223' title='bbox 446 2223 510 2277; x_wconf 85' lang='lat' dir='ltr'>dein</span> <span class='ocrx_word' id='word_1_224' title='bbox 521 2225 640 2280; x_wconf 82' lang='lat' dir='ltr'>subinde</span> <span class='ocrx_word' id='word_1_225' title='bbox 650 2232 744 2278; x_wconf 87' lang='lat' dir='ltr'>tecum</span> <span class='ocrx_word' id='word_1_226' title='bbox 759 2240 855 2280; x_wconf 85' lang='lat' dir='ltr'>verses</span> <span class='ocrx_word' id='word_1_227' title='bbox 866 2241 899 2278; x_wconf 87' lang='lat' dir='ltr'>nc</span> <span class='ocrx_word' id='word_1_228' title='bbox 910 2237 991 2293; x_wconf 86' lang='lat' dir='ltr'>repe·</span> 
     </span>
    </p>
   </div>
   <div class='ocr_carea' id='block_1_10' title="bbox 176 2292 1081 2368">
    <p class='ocr_par' dir='ltr' id='par_1_10' title="bbox 176 2292 1081 2368">
     <span class='ocr_line' id='line_1_31' title="bbox 176 2292 1081 2368; baseline 0.008 -26"><span class='ocrx_word' id='word_1_229' title='bbox 176 2296 237 2344; x_wconf 83' lang='lat' dir='ltr'>tes:</span> <span class='ocrx_word' id='word_1_230' title='bbox 254 2300 284 2347; x_wconf 87' lang='lat' dir='ltr'>et</span> <span class='ocrx_word' id='word_1_231' title='bbox 294 2296 322 2346; x_wconf 91' lang='lat' dir='ltr'>in</span> <span class='ocrx_word' id='word_1_232' title='bbox 332 2292 385 2347; x_wconf 90' lang='lat' dir='ltr'>hoe</span> <span class='ocrx_word' id='word_1_233' title='bbox 396 2294 563 2350; x_wconf 77' lang='lat' dir='ltr'>cremandus</span> <span class='ocrx_word' id='word_1_234' title='bbox 573 2301 626 2359; x_wconf 89' lang='lat' dir='ltr'>est,</span> <span class='ocrx_word' id='word_1_235' title='bbox 640 2300 672 2347; x_wconf 90' lang='lat' dir='ltr'>ut</span> <span class='ocrx_word' id='word_1_236' title='bbox 682 2294 788 2350; x_wconf 89' lang='lat' dir='ltr'>dictum</span> <span class='ocrx_word' id='word_1_237' title='bbox 800 2301 854 2360; x_wconf 86' lang='lat' dir='ltr'>est,</span> <span class='ocrx_word' id='word_1_238' title='bbox 872 2295 994 2360; x_wconf 87' lang='lat' dir='ltr'>animus,</span> <span class='ocrx_word' id='word_1_239' title='bbox 1080 2299 1081 2368; x_wconf 58' lang='lat'>,</span> 
     </span>
    </p>
   </div>
   <div class='ocr_carea' id='block_1_11' title="bbox 176 2363 995 2644">
    <p class='ocr_par' dir='ltr' id='par_1_11' title="bbox 176 2363 995 2644">
     <span class='ocr_line' id='line_1_32' title="bbox 176 2363 993 2434; baseline 0.005 -20"><span class='ocrx_word' id='word_1_240' title='bbox 176 2370 210 2414; x_wconf 93' lang='lat' dir='ltr'>ut</span> <span class='ocrx_word' id='word_1_241' title='bbox 219 2363 332 2428; x_wconf 86' lang='lat' dir='ltr'>quoties</span> <span class='ocrx_word' id='word_1_242' title='bbox 344 2379 414 2432; x_wconf 87' lang='lat' dir='ltr'>opus</span> <span class='ocrx_word' id='word_1_243' title='bbox 426 2371 479 2431; x_wconf 86' lang='lat' dir='ltr'>est,</span> <span class='ocrx_word' id='word_1_244' title='bbox 489 2366 653 2434; x_wconf 80' lang='lat' dir='ltr'>cogitationi</span> <span class='ocrx_word' id='word_1_245' title='bbox 664 2367 755 2432; x_wconf 87' lang='lat' dir='ltr'>possit</span> <span class='ocrx_word' id='word_1_246' title='bbox 767 2368 905 2420; x_wconf 83' lang='lat' dir='ltr'>insistere.</span> <span class='ocrx_word' id='word_1_247' title='bbox 917 2365 993 2419; x_wconf 90' lang='lat' dir='ltr'>Nam</span> 
     </span>
     <span class='ocr_line' id='line_1_33' title="bbox 178 2432 994 2500; baseline 0.006 -18"><span class='ocrx_word' id='word_1_248' title='bbox 178 2432 203 2482; x_wconf 80' lang='lat' dir='ltr'>si</span> <span class='ocrx_word' id='word_1_249' title='bbox 215 2433 261 2484; x_wconf 84' lang='lat' dir='ltr'>cui</span> <span class='ocrx_word' id='word_1_250' title='bbox 271 2439 402 2488; x_wconf 84' lang='lat' dir='ltr'>menscst</span> <span class='ocrx_word' id='word_1_251' title='bbox 413 2435 484 2489; x_wconf 90' lang='lat' dir='ltr'>adeo</span> <span class='ocrx_word' id='word_1_252' title='bbox 496 2434 643 2500; x_wconf 84' lang='lat' dir='ltr'>silvestris,</span> <span class='ocrx_word' id='word_1_253' title='bbox 658 2437 729 2488; x_wconf 86' lang='lat' dir='ltr'>utin</span> <span class='ocrx_word' id='word_1_254' title='bbox 741 2435 795 2489; x_wconf 90' lang='lat' dir='ltr'>hoc</span> <span class='ocrx_word' id='word_1_255' title='bbox 805 2437 924 2490; x_wconf 87' lang='lat' dir='ltr'>cicurari</span> <span class='ocrx_word' id='word_1_256' title='bbox 936 2451 994 2492; x_wconf 84' lang='lat' dir='ltr'>uon</span> 
     </span>
     <span class='ocr_line' id='line_1_34' title="bbox 178 2503 995 2576; baseline 0.009 -24"><span class='ocrx_word' id='word_1_257' title='bbox 178 2503 284 2570; x_wconf 84' lang='lat' dir='ltr'>possit,</span> <span class='ocrx_word' id='word_1_258' title='bbox 304 2504 517 2576; x_wconf 74' lang='lat' dir='ltr'>haudquaquam</span> <span class='ocrx_word' id='word_1_259' title='bbox 533 2509 578 2558; x_wconf 86' lang='lat' dir='ltr'>est</span> <span class='ocrx_word' id='word_1_260' title='bbox 593 2506 696 2558; x_wconf 83' lang='lat' dir='ltr'>idoneo</span> <span class='ocrx_word' id='word_1_261' title='bbox 707 2506 810 2560; x_wconf 84' lang='lat' dir='ltr'>literis.</span> <span class='ocrx_word' id='word_1_262' title='bbox 845 2523 893 2561; x_wconf 80' lang='lat' dir='ltr'>un.</span> <span class='ocrx_word' id='word_1_263' title='bbox 916 2506 995 2559; x_wconf 84' lang='lat' dir='ltr'>istuc</span> 
     </span>
     <span class='ocr_line' id='line_1_35' title="bbox 179 2573 994 2644; baseline 0.011 -25"><span class='ocrx_word' id='word_1_264' title='bbox 179 2575 314 2635; x_wconf 84' lang='lat' dir='ltr'>quamsit</span> <span class='ocrx_word' id='word_1_265' title='bbox 325 2573 448 2640; x_wconf 87' lang='lat' dir='ltr'>difficile,</span> <span class='ocrx_word' id='word_1_266' title='bbox 464 2576 529 2644; x_wconf 88' lang='lat' dir='ltr'>plus</span> <span class='ocrx_word' id='word_1_267' title='bbox 541 2575 610 2628; x_wconf 88' lang='lat' dir='ltr'>satis</span> <span class='ocrx_word' id='word_1_268' title='bbox 622 2575 763 2643; x_wconf 80' lang='lat' dir='ltr'>intelligo.</span> <span class='ocrx_word' id='word_1_269' title='bbox 799 2591 847 2629; x_wconf 79' lang='lat' dir='ltr'>ou.</span> <span class='ocrx_word' id='word_1_270' title='bbox 858 2577 994 2644; x_wconf 76' lang='lat' dir='ltr'>Quisquis</span> 
     </span>
    </p>
   </div>
   <div class='ocr_carea' id='block_1_12' title="bbox 177 2631 1081 2715">
    <p class='ocr_par' dir='ltr' id='par_1_12' title="bbox 177 2631 1081 2715">
     <span class='ocr_line' id='line_1_36' title="bbox 177 2631 1081 2715; baseline 0.011 -25"><span class='ocrx_word' id='word_1_271' title='bbox 177 2641 252 2691; x_wconf 80' lang='lat' dir='ltr'>euim</span> <span class='ocrx_word' id='word_1_272' title='bbox 263 2640 349 2694; x_wconf 86' lang='lat' dir='ltr'>habet</span> <span class='ocrx_word' id='word_1_273' title='bbox 360 2644 483 2695; x_wconf 86' lang='lat' dir='ltr'>animum</span> <span class='ocrx_word' id='word_1_274' title='bbox 494 2643 565 2698; x_wconf 84' lang='lat' dir='ltr'>odeo</span> <span class='ocrx_word' id='word_1_275' title='bbox 576 2643 740 2710; x_wconf 87' lang='lat' dir='ltr'>volubilem,</span> <span class='ocrx_word' id='word_1_276' title='bbox 760 2650 792 2698; x_wconf 92' lang='lat' dir='ltr'>ut</span> <span class='ocrx_word' id='word_1_277' title='bbox 801 2645 873 2700; x_wconf 89' lang='lat' dir='ltr'>nulli</span> <span class='ocrx_word' id='word_1_278' title='bbox 884 2645 993 2715; x_wconf 87' lang='lat' dir='ltr'>cogitu-</span> <span class='ocrx_word' id='word_1_279' title='bbox 1005 2633 1009 2638; x_wconf 31' lang='lat'>³</span> <span class='ocrx_word' id='word_1_280' title='bbox 1080 2631 1081 2656; x_wconf 58' lang='lat'>¹</span> 
     </span>
    </p>
   </div>
   <div class='ocr_carea' id='block_1_13' title="bbox 205 2719 650 2789">
    <p class='ocr_par' dir='ltr' id='par_1_13' title="bbox 205 2719 650 2789">
     <span class='ocr_line' id='line_1_37' title="bbox 205 2719 650 2789; baseline 0.022 -20"><span class='ocrx_word' id='word_1_281' title='bbox 205 2719 226 2776; x_wconf 79' lang='lat'>¹¹)</span> <span class='ocrx_word' id='word_1_282' title='bbox 241 2719 341 2770; x_wconf 71' lang='lat' dir='ltr'>horat.</span> <span class='ocrx_word' id='word_1_283' title='bbox 351 2725 545 2776; x_wconf 78' lang='lat' dir='ltr'>adllemouictun·</span> <span class='ocrx_word' id='word_1_284' title='bbox 646 2771 650 2789; x_wconf 64' lang='grc'>,</span> 
     </span>
    </p>
   </div>
   <div class='ocr_carea' id='block_1_14' title="bbox 0 0 1100 3270">
    <p class='ocr_par' dir='ltr' id='par_1_14' title="bbox 0 0 1100 3270">
     <span class='ocr_line' id='line_1_38' title="bbox 0 0 1100 3270; baseline 0 0"><span class='ocrx_word' id='word_1_285' title='bbox 0 0 1100 3270; x_wconf 95' lang='lat' dir='ltr'> </span> 
     </span>
    </p>
   </div>
  </div>
 </body>
</html>
