2172 3238
246 176 512 270 saccorum
536 213 771 298 moa-rna„
837 217 890 276 ara

1 349 2 354 κ
85 331 175 388 genus
185 315 395 372 dialecticorum
406 319 588 387 argutiis,scd
600 320 705 388 pingui,
716 319 789 390 quod
800 323 889 399 aiunt,

85 389 215 444 Minerva
232 404 290 440 rem
308 389 400 456 digito
417 388 617 456 propemodum
630 393 785 447 ostendam.
821 395 890 462 Ag'e,

85 460 242 520 connivere,
262 458 330 522 labi,
352 458 502 521 caecutire,
523 457 688 511 hallucinari
699 461 727 512 in
738 463 890 518 amicorum

87 528 181 590 titiis,
203 529 338 596 quaedam
355 529 441 582 etiam
458 529 580 596 insignia
597 529 890 597 vitiatprovirtutibua

88 612 184 652 amare
194 598 358 668 mirarique,
382 613 417 650 an
435 612 491 649 nora
507 598 647 650 stultitiae
664 601 776 654 ridetur
787 601 892 656 affine!

87 667 183 732 Quidl
209 683 292 738 qupm
313 669 387 719 alius
408 667 588 720 exosculatur
608 684 724 721 naevum
745 673 772 723 in
794 673 893 738 amica,

87 733 171 791 alium
184 737 305 792 delcetat
317 735 438 802 polypus
453 736 566 804 Agnae,
586 753 671 804 quum
683 739 773 792 hlium
785 742 894 794 strabo·
944 794 952 806 ,

1 843 2 872 3
86 823 153 862 nem
162 808 289 876 appellat
301 812 413 874 pactum
425 811 504 872 pater
513 809 545 868 ⁴),
556 805 631 874 quid,
639 807 763 876 inquam,
775 807 828 861 hoc
839 815 893 874 est,
913 810 918 814 ’

85 878 142 931 nisi
154 893 233 931 mera
244 876 384 928 stultitia!
403 877 540 940 ,clament
550 883 647 943 terque
659 883 813 945 quaterque
825 879 895 940 stul.

22 991 27 1001 .
86 949 180 1002 titiam
190 963 265 1000 esse:
287 947 365 1017 atqui
377 944 447 1000 haee
459 961 515 1006 una
524 945 658 1008 stultitia,
669 958 697 1000 et
707 947 816 1018 iungit,
834 948 895 1004 iane
924 971 926 976 ·

88 1028 147 1074 etot
158 1027 186 1074 et
195 1025 287 1071 teram
303 1017 412 1070 amicos.
447 1017 491 1070 De
504 1016 671 1068 mortalibus
683 1016 804 1084 loquor,
825 1033 897 1087 quo·

89 1103 152 1142 rum
165 1105 241 1142 nemo
257 1084 316 1140 sine
330 1085 406 1140 vitiis
419 1085 563 1158 notentur,
582 1084 699 1154 warnae
713 1087 760 1140 ille
772 1096 825 1153 stt,
848 1088 898 1158 qui

86 1159 208 1214 minimis
219 1167 336 1228 urgetur
348 1175 354 1208 ι
374 1171 453 1224 quum
465 1155 576 1208 interim
588 1156 662 1206 inter
672 1157 813 1224 sapientes
823 1159 899 1212 istos

92 1229 162 1283 deos
174 1234 222 1280 aut
234 1226 347 1281 omnino
359 1241 412 1278 non
428 1225 562 1278 coalescit
577 1226 714 1296 amicitia,
736 1234 786 1278 aut
795 1230 899 1283 tetrica

1 1289 2 1354 ζ
89 1299 226 1368 quaedam
238 1304 267 1351 et
278 1298 400 1350 insuavis
410 1295 572 1358 intercedit,
583 1311 633 1349 nec
643 1311 675 1348 ea
687 1297 740 1349 nisi
751 1311 813 1350 eum
826 1314 897 1366 pau·

91 1369 228 1432 cissimis,
246 1363 326 1438 (nam
344 1381 405 1420 cum
421 1366 507 1419 nullis
524 1366 618 1420 dicere
635 1367 738 1435 religio
749 1371 812 1431 est)
830 1384 897 1436 pro·

89 1448 190 1508 pterea
200 1439 274 1506 quod
285 1436 485 1504 maximopere
496 1435 638 1490 hoarinum
650 1436 762 1504 desipit,
769 1437 826 1490 imo
839 1437 900 1490 aul·
988 1455 994 1461 ·

90 1509 201 1572 lus-est,
212 1509 260 1576 qui
272 1523 327 1560 non
340 1507 436 1560 multis
447 1507 538 1558 modis
551 1505 664 1570 deliret,
679 1514 709 1559 et
720 1522 776 1560 non
786 1507 843 1559 nisi
851 1510 900 1561 iu·

91 1584 139 1632 ter
157 1578 265 1633 sinriles
287 1577 419 1632 cohaeret
433 1575 621 1630 necessitudo.
657 1575 766 1638 Quodsi
783 1579 900 1645 qpando
925 1639 928 1646 .

91 1647 168 1702 later
183 1648 295 1702 severos
311 1649 384 1701 istos
400 1649 501 1701 coierit
516 1647 849 1711 mutuabenevolsntia,
862 1661 899 1702 aa

93 1713 170 1772 certe
191 1718 403 1787 haudquaquam
418 1718 530 1771 stabilis
545 1723 602 1780 est,
621 1717 899 1770 necadmodumeht-
951 1772 958 1782 x

92 1794 200 1851 natura,
212 1788 343 1842 nimirum
355 1791 561 1842 intermorosos
572 1793 601 1840 et
608 1787 670 1855 plus
682 1791 752 1840 eatis
762 1788 904 1852 comeus,
985 1813 989 1820 ²
1064 1777 1066 1786 '

92 1864 125 1912 ut
136 1861 182 1926 qui
194 1861 223 1912 in
235 1859 390 1913 amicorum
401 1858 480 1918 titiis
491 1864 548 1910 tom
561 1864 677 1912 cernunt
686 1863 808 1921 acutum,
819 1871 901 1928 qoam

93 1930 264 1998 cotaqoile,
284 1938 335 1982 not
350 1927 645 1997 serpentEpidaoriut.
681 1929 899 1999 A‘tipsiinpro·
997 1985 1001 1990 ,

93 1999 163 2066 priis
174 2000 252 2052 vitiis
263 2015 344 2068 quam
356 2000 493 2068 lippiunt,
512 2005 542 2052 et
552 2013 634 2068 quam
645 2013 700 2050 non
713 1999 811 2052 rident
821 2014 900 2052 man·

93 2068 179 2121 ticam
196 2069 225 2130 in
241 2075 322 2138 tergo
335 2072 372 2136 tt)
384 2069 573 2140 pendentem?
607 2069 705 2136 ltaque
721 2083 803 2138 quum
818 2068 903 2123 casia

3 2165 4 2170 κ
93 2135 238 2192 hominum
257 2148 368 2205 natura,
400 2147 434 2191 ut
453 2139 559 2192 nullum
580 2139 723 2207 ingenium
743 2139 904 2206 reperiatur

33 2233 35 2237 ·
94 2222 151 2263 nun
167 2210 275 2277 magnis
289 2211 440 2264 obnoxium
456 2210 550 2262 vitiis:
574 2209 653 2261 adde·
664 2213 773 2260 tautam
793 2207 907 2260 antimo·t

95 2291 158 2330 rum
173 2294 207 2332 ac
221 2280 376 2332 studiorum
394 2278 659 2338 dissimilitudinem,
677 2276 835 2342 totlapsus,
856 2279 903 2330 tot

96 2355 206 2414 errata,
226 2350 447 2404 totcasusritae
465 2348 607 2401 mortalit:
629 2360 684 2413 quo
696 2351 781 2410 pacto
792 2345 838 2398 rel
849 2343 901 2398 hu·
954 2404 958 2411 ¹

94 2434 156 2474 ram
167 2420 308 2488 constabit
316 2421 392 2472 inter
401 2422 491 2487 Argos
501 2419 558 2480 tl⁸)
572 2417 643 2468 istos
654 2413 794 2468 amicitiae
805 2416 902 2468 iucun-

94 2489 178 2556 ditas,
199 2490 253 2542 nisi
266 2491 417 2544 accesserit
426 2505 469 2554 ea,
485 2501 566 2556 quam
578 2485 649 2538 mire
663 2484 764 2537 Graeci
774 2479 905 2550 εὐήθειαν
986 2559 991 2564 Ι

83 2629 88 2642 e
123 2607 144 2663 ⁰)
160 2609 223 2660 Quae
234 2609 341 2671 exempla
350 2607 493 2654 adducuntur
500 2607 525 2652 in
534 2605 625 2652 Horatii
633 2574 710 2660 satyr.
722 2609 741 2656 1,
750 2607 772 2648 ³.
781 2601 821 2648 uhi
830 2580 901 2648 etiarn

94 2666 336 2720 ttqneutialeguntur.

126 2723 159 2774 u)
176 2719 214 2765 Cf.
225 2723 290 2766 Pers.
299 2722 348 2766 Sat.
359 2719 401 2773 lv,
410 2725 445 2766 24.
455 2729 479 2765 st
486 2717 586 2765 Phaedri
596 2718 652 2762 rat.
662 2715 704 2767 lv.
713 2718 734 2760 9.

127 2777 173 2834 m)
184 2778 237 2832 Qui,
245 2783 271 2823 ut
280 2779 356 2832 Argus
363 2778 509 2832 inassatum
517 2777 589 2824 ouilia
596 2770 901 2830 demonstravitum
