2172 3238
130 268 133 272 ’
207 229 695 324 succurunmonmc.
797 257 860 318 ara.

17 367 19 418 l
57 384 103 440 mo
113 367 283 436 didloernnt,
293 383 295 390 ’
305 369 377 438 apud
388 367 527 424 llhetores
542 369 648 440 derisu
658 366 718 420 fieri
728 365 851 420 mentio·

17 441 19 506 ξ
56 455 126 504 nem,
134 455 220 508 eoque
231 441 345 494 student
358 445 387 492 et
397 439 450 507 ipsi
459 443 537 493 iocos
548 441 683 508 quosdam
694 449 853 504 aspergere,

32 551 37 558 ,
58 504 318 582 ὦφίληἈφροᾱιτηῙ
336 509 417 579 qnam
427 506 526 578 plenos
536 511 701 594 gratiarum,
711 520 852 576 quamque

30 613 34 622 ι
56 579 85 631 iu
105 577 181 641 loco,
199 584 232 630 ut
253 578 337 646 plane
358 575 420 627 ὄνον
435 577 502 647 πρὸς
517 575 658 660 τἠνλύςαν
679 587 741 631 esse
762 575 850 630 dicas.

17 701 19 724 Ι
56 645 183 702 Mordent
199 661 310 715 quoque
325 661 527 714 nonnunquam,
546 647 596 700 sed
612 653 669 711 rtn,
687 652 718 698 ut
733 645 854 698 titillent
924 694 936 703 .

55 717 142 788 magis
153 731 233 784 quarn
246 719 405 790 vulnerent*
435 715 494 771 Nec
502 731 624 785 unquam
634 717 726 770 nerins
738 713 854 768 adulan-

55 793 114 850 tur,
135 801 216 856 quam
229 800 312 853 quum
324 784 445 838 maxime
455 782 685 853 παῤῥησιάζεσθαι
695 785 782 838 videri
794 790 853 838 stu·

17 867 18 870 ’
56 855 129 910 dent.
163 854 291 924 Demque
303 861 366 907 tota
378 854 453 906 actio
465 861 508 907 cst
519 853 666 918 eiusmodi,
676 861 707 908 ut
717 856 794 907 iures
804 868 854 908 eos

56 943 74 980 a
89 925 143 978 iori
154 924 369 976 circulatoribus
387 921 533 985 didicisse,
555 921 682 991 aquibus
700 925 785 993 longe
795 926 858 975 vin-

57 999 165 1050 cuntur.
201 995 364 1062 Quanquam
376 994 488 1061 utrique
500 993 596 1046 alteris
610 1007 696 1060 usque
707 993 777 1046 adeo
789 1002 855 1046 sunt

56 1062 176 1124 slmiles,
196 1068 229 1113 ut
240 1069 324 1116 nemo'
333 1064 458 1125 dubitet,
485 1062 549 1129 quin
562 1067 612 1113 ant
621 1061 650 1114 bi
662 1063 696 1116 ab
708 1063 783 1127 illis,
804 1067 855 1114 aut

55 1135 100 1190 illi
112 1131 146 1184 ab
157 1128 200 1182 lris
210 1129 368 1184 rhetoricen
379 1143 459 1185 suam
467 1131 628 1184 didicerint.
664 1131 856 1186 Etiamenin·
1047 1183 1053 1186 ,

56 1203 167 1258 veniunt
178 1199 208 1253 bi
219 1212 328 1269 queque
343 1215 405 1252 mea
422 1201 554 1254 nimirum
567 1213 667 1268 opera,
688 1203 750 1270 qui,
770 1213 855 1271 quum
924 1251 928 1256 .
975 1256 978 1262 ,

56 1271 107 1326 lros
117 1269 243 1333 audiunt,
253 1269 459 1326 Demosthenes
470 1281 565 1322 meros
575 1285 608 1323 ac
620 1272 767 1326 Cicerones
779 1269 857 1326 andi·
934 1328 936 1334 ,
991 1289 993 1292 ·
1067 1327 1069 1336 Α

55 1357 86 1396 re
96 1356 126 1393 se
137 1345 245 1408 putant.
282 1339 364 1402 Quod
377 1355 465 1409 genus
484 1347 548 1392 sunt
563 1341 710 1408 praecipue
722 1349 857 1399 mercato·

54 1428 101 1468 res
116 1425 150 1461 ac
165 1409 359 1462 mulierculae:
377 1419 499 1478 'qnorum
515 1411 628 1462 auribus
650 1410 730 1466 un'iee
746 1413 857 1481 placere

56 1480 183 1542 student,
204 1479 279 1546 quod
290 1479 332 1531 illi
344 1479 501 1531 nonnullam
519 1480 639 1546 praedae
650 1470 858 1548 portiunculam

56 1551 91 1604 de
101 1550 186 1601 rebus
196 1548 270 1601 male
281 1549 369 1616 partis
382 1547 493 1601 soleant
502 1549 657 1616 impertiri,
677 1550 701 1602 si
713 1551 858 1603 commode

17 1681 18 1686 Ἰ
54 1616 162 1674 merim
178 1617 297 1686 palpati:
317 1619 387 1672 illae
408 1633 491 1686 quum
507 1619 573 1672 aliis
588 1620 683 1672 multis
699 1621 734 1672 de
751 1621 858 1673 caussis

55 1687 226 1745 buie'ordini
237 1687 349 1750 lavent,
371 1694 430 1740 tum
448 1690 611 1758 praecipue,
634 1690 707 1760 qnod
718 1689 746 1741 in
759 1689 858 1744 borum
959 1729 965 1750 ,

54 1760 134 1812 sinus
145 1759 257 1812 soleant
272 1757 432 1821 effundere,
449 1759 474 1809 si
489 1759 554 1826 quid
571 1760 602 1811 in
620 1761 737 1812 maritos
752 1767 858 1812 stoma·

55 1829 183 1882 martur.
218 1826 330 1881 Videtis
351 1831 459 1896 opinor,
477 1837 650 1896 quantopere
670 1830 739 1882 mihi
759 1825 871 1884 debeat.

54 1897 110 1952 boc
133 1895 274 1948 bominum
295 1909 392 1966 genus,
414 1912 498 1965 quum
515 1899 710 1960 ceremoniolie
725 1905 754 1952 et
775 1899 859 1970 nugis

17 1989 23 2031 ι
54 1965 222 2024 deridiculis
238 1967 462 2036 clamoribusque
479 1969 655 2035 tyrannidem
668 1969 803 2038 quandam
820 1972 860 2020 in·

52 2042 100 2090 ter
120 2036 258 2088 mortales
279 2024 435 2102 eierreant,
453 2042 482 2090 ot
497 2037 600 2091 Paulos
620 2045 705 2110 atque
723 2041 860 2094 Antonios

53 2121 118 2161 rese
131 2105 249 2159 credant
259 2103 296 2177 ⁶)

17 2173 19 2246 ζ
116 2177 225 2230 Veram
236 2191 288 2244 ego
300 2177 369 2228 istos
380 2173 532 2230 histriones
543 2213 552 2240 ,
570 2181 627 2228 tarn
638 2175 862 2242 ingratosbens·

17 2275 18 2280 =
53 2245 186 2299 liciorum
197 2257 322 2298 meorum
337 2246 563 2300 dissimulatores
581 2260 663 2312 quam
674 2245 815 2313 improbos
825 2246 861 2296 si·

17 2381 18 2384 Ἴ
53 2316 213 2368 moratores
228 2315 358 2385 pietatis,
377 2315 499 2369 libenter
520 2314 659 2380 relinquo.
694 2312 862 2366 lanrdudum

52 2386 132 2438 enirn
144 2385 222 2438 iuvat
235 2383 270 2437 de
281 2385 393 2453 regibus
408 2400 441 2438 ae
456 2383 627 2452 principibus
640 2381 755 2445 aulicis,
776 2398 794 2434 n
804 2384 863 2450 qul·

17 2451 19 2498 ἶ
52 2454 109 2506 bus
120 2453 327 2521 simplicissime
339 2454 426 2517 color,
441 2460 477 2517 et,
492 2460 524 2504 nt
535 2451 648 2518 dignum
666 2459 718 2515 est,
733 2451 863 2520 ingenuis

51 2524 183 2593 ingenue
198 2522 323 2576 nonnihil
340 2523 490 2592 attingere.
516 2519 580 2583 eur
596 2519 707 2588 quidem
724 2521 749 2574 si
763 2522 862 2578 nelse·

18 2631 19 2634 ,
51 2593 202 2648 uiuere-iam
215 2595 274 2644 sani
286 2591 379 2645 cordis
390 2591 535 2653 baberent,
552 2589 618 2657 quid
630 2596 704 2644 esset
714 2589 812 2660 borum
823 2589 864 2645 ri·

17 2663 19 2694 ³
50 2669 87 2718 ta
99 2662 217 2717 trisdur
230 2668 281 2714 aut
294 2675 382 2731 aeque
398 2658 584 2730 fugiendumi,
612 2659 709 2730 Neque
720 2661 795 2715 enim
807 2655 866 2716 exi·

71 2771 103 2831 J)
113 2749 162 2812 ⁵121.
173 2765 189 2810 l.
229 2767 314 2822 lqnnrr
322 2777 397 2810 eorm.
405 2776 428 2810 a.
439 2763 461 2808 d.
470 2745 518 2809 cst.
528 2767 550 2820 lp.
558 2762 613 2811 im.
629 2766 764 2821 merant,
776 2759 867 2814 Paulos,

47 2821 265 2870 ammentant.
310 2867 314 2872 ,
670 2827 674 2831 “
738 2863 744 2871 ,
