2172 3238
155 189 157 197 ¹
209 235 261 293 snt
340 223 376 240 '¹
425 217 812 302 consuliturus.-

185 343 190 350 ’
205 326 377 408 pugnaeque
389 337 552 392 rusticanae
564 336 669 390 fuerint
679 343 708 390 et
718 349 839 400 crassae,
850 333 878 386 si
888 349 953 386 cum
963 350 1019 388 me·

209 411 364 478 gistrorum
375 414 537 460 nostrorum
552 409 696 477 plusquam
707 406 890 474 Chrysippeis
907 406 1016 464 subtili·
1063 431 1064 480 ι

210 478 318 530 tatibus
328 472 531 534 conterantur.‘
554 478 720 547 Quanquam
736 476 861 528 homines
873 475 1017 528 modestis·

212 547 276 602 simi
287 582 296 611 ,
318 549 345 599 si
355 549 422 615 quid
434 550 509 600 forte
518 550 654 614 scriptum
666 552 703 600 sit
714 549 749 599 ab
763 545 902 612 apostolis
913 546 1019 598 indola-
1063 591 1064 604 ,

210 617 268 674 tius
280 633 433 687 parumque
446 618 663 684 magistraliter‚
687 632 743 668 nou
755 615 888 666 damnant
900 615 1018 682 quidem,
1063 647 1064 658 ι

213 687 263 740 sed
276 687 421 740 commode
432 688 668 753 interpretantur:
684 683 739 738 hoc
749 684 882 752 videlicet
893 683 1017 748 honoris,
1063 721 1064 734 n

183 759 187 770 “
213 760 316 826 partim
328 755 508 824 antiquitati,
529 757 631 822 partim
649 756 809 825 apostolico
820 755 929 807 nomini
941 753 1017 808 defe-

211 835 318 880 rentes.
354 825 393 877 Et
410 825 505 877 hercle
520 839 617 890 pamm
637 840 757 892 aequum
770 831 847 889 erat,
867 839 914 876 res
926 830 1016 876 tantas

212 895 247 950 ab
259 897 316 948 illis
327 897 481 962 requirere,
502 886 654 960 dequibus
671 909 706 946 cx
723 899 907 964 praeceptore
924 909 975 946 suo
985 908 1017 946 ne

211 966 326 1019 verbum
339 965 448 1034 quidem
462 978 582 1030 unquam
590 963 745 1018 audissent.
781 964 859 1024 ldem
870 964 896 1016 si
908 963 1018 1016 eveniat

209 1033 580 1104 inChrysostonro‚Baslli0,
592 1033 847 1101 Hieronymo,tum
858 1039 903 1086 sat
915 1033 1016 1085 habent

210 1107 386 1160 adscribere:
407 1119 463 1160 uon
484 1109 607 1156 tenetur.
641 1104 679 1154 Et
689 1103 734 1155 illi
757 1104 870 1172 quidem
891 1103 1016 1156 conluta·

209 1184 277 1230 runt
288 1173 414 1228 ethnicos
426 1172 608 1242 philosophos
617 1187 650 1225 ac
660 1173 788 1236 ludaeos,
808 1180 908 1243 suapte
918 1181 1015 1226 natura

209 1246 460 1316 pertinacissimos,
483 1243 533 1296 sed
544 1244 604 1296 vita
615 1244 705 1310 magis
718 1259 751 1295 ac
760 1244 912 1305 miraculis,
934 1259 1015 1312 quam

210 1314 405 1385 syllogismis,
431 1319 491 1365 tum
503 1322 556 1366 eus'
564 1327 680 1381 quorum
688 1329 777 1381 ‘nemo
789 1312 878 1366 fuerit
888 1313 1013 1376 idoneus,

209 1387 256 1438 uel
276 1385 388 1436 unicum
409 1383 489 1436 Sonti
509 1383 712 1447 Quodlibetum
735 1382 850 1452 ingenio
871 1383 1021 1452 consequi.v

131 1469 134 1476 ·
208 1455 291 1508 Nunc
309 1455 373 1524 quis
389 1452 534 1517 ethnicus,
554 1454 616 1521 quis
633 1452 790 1507 haereticus
806 1468 864 1505 non
879 1455 1012 1507 contiuuo

209 1525 293 1579 cedat
304 1531 348 1576 tot
363 1523 534 1590 tenuissimis
551 1524 772 1586 subtilitatibus,
792 1523 850 1576 nisi
864 1529 924 1576 tam
937 1539 1012 1578 cras-

210 1610 270 1660 sus,
287 1601 319 1646 ut
333 1609 388 1646 nun
400 1597 574 1661 assequatur,
593 1600 642 1646 aut
654 1601 712 1646 tam
723 1593 878 1663 impudens,
894 1601 928 1646 ut
940 1595 1010 1662 exsi-

210 1665 283 1718 bilet
294 1662 372 1728 ,aut
382 1665 482 1718 iisdem
493 1667 646 1716 instructus
656 1665 763 1733 laqueis
773 1703 781 1730 ,
803 1664 903 1716 utiam
915 1666 1013 1734 parsit

209 1747 319 1802 pugna,
338 1734 455 1799 perinde
467 1735 545 1802 quasi
556 1749 685 1803 magnum
702 1751 764 1786 cum
774 1749 876 1802 magno
886 1736 1012 1802 ,commit-

210 1809 270 1865 tas‚
291 1807 340 1855 aut
351 1804 376 1853 si
387 1803 483 1871 gladio
499 1801 645 1856 fortunato
661 1811 765 1872 pugnet
780 1804 883 1874 uliquis
895 1819 1011 1866 comeo,

210 1873 257 1926 eui
275 1872 388 1938 gladius
410 1874 449 1924 sit
469 1872 645 1926 fortunatus:
667 1875 819 1928 tamenim
842 1873 916 1927 nihil
937 1875 1012 1928 aliutl

209 1956 294 2012 quam
307 1942 364 1994 tela
380 1940 535 2008 Penelopes
550 1951 734 1998 retexeretur.
768 1946 808 1997 he
823 1944 886 1997 meo
901 1946 1011 2013 quidem

207 2012 313 2064 iudicio
335 2025 466 2078 saperent
486 2009 647 2078 Christiani,
669 2016 694 2067 si
710 2012 929 2084 propinguibus
952 2015 1011 2066 istis

209 2081 331 2136 militum
345 2081 516 2146 cohortibus,
526 2097 576 2150 per
584 2099 653 2152 quas
664 2086 718 2137 iam
731 2085 797 2137 olim
808 2086 1012 2153 ancipiteMar·

210 2157 240 2208 te
251 2151 469 2220 belligerantur,
490 2147 710 2208 clamosissimos
721 2154 868 2220 Scotistas,
888 2163 918 2210 et
930 2157 1011 2226 perti·

208 2222 375 2276 nacisshnos
390 2221 569 2286 Oceanistas,
593 2232 622 2278 et
637 2226 756 2278 invictos
772 2226 943 2280 hibertistas
959 2239 1011 2277 uua

208 2307 272 2345 cum
282 2297 343 2344 tota
358 2289 550 2358 sophistarum
567 2309 651 2346 manu
660 2292 811 2348 'mitterent
822 2296 852 2346 in
864 2297 974 2350 'l'urcas
985 2301 1012 2348 et
1063 2309 1064 2320 ¹

132 2378 139 2386 ⁴
209 2359 380 2415 Saracenos:
392 2368 559 2429 spectarent,
572 2365 679 2432 opinor,
691 2371 719 2418 et
736 2363 901 2419 conflictum
924 2365 1010 2418 omni·

208 2445 256 2482 uns
278 2431 501 2499 lepidissimum,
522 2440 551 2485 et
568 2436 718 2487 victoriam
743 2450 798 2487 uon
827 2443 893 2490 ante
913 2439 1010 2488 visam.

118 2533 124 2540 -
208 2499 280 2562 Quis
291 2505 363 2553 enim
378 2517 465 2570 usque
481 2503 552 2556 adeo
570 2503 702 2572 frigidus,
722 2521 803 2575 quem
822 2505 943 2560 istorum
954 2521 1011 2558 non

90 2575 92 2584 ’
172 2629 176 2638 Ι
206 2568 383 2629 inflamment
398 2573 549 2624 acuminat
571 2574 640 2637 Quis
657 2581 715 2627 tam
733 2568 871 2644 stupidus,
889 2583 923 2629 ut
937 2578 1010 2629 tales

206 2651 264 2691 nou
283 2640 535 2712 exciteot'aculeii
571 2643 639 2705 Quis
659 2650 717 2696 tam
734 2644 870 2710 oculatus,
891 2652 925 2699 ut
942 2647 1011 2700 haec

204 2703 317 2765 illinon
329 2709 462 2762 maximas
474 2707 621 2764 olhrndant
638 2715 788 2766 tenebrasi
822 2718 929 2770 Verum
941 2713 1011 2771 haec

205 2775 409 2832 omuiavideor
420 2779 500 2834 robis
517 2783 795 2860 propemodumioco
809 2785 914 2846 nlicere.
949 2787 1010 2845 Nec

600 2957 606 2964 t
