<?xml version="1.0" encoding="UTF-8"?>
<!DOCTYPE html PUBLIC "-//W3C//DTD XHTML 1.0 Transitional//EN"
    "http://www.w3.org/TR/xhtml1/DTD/xhtml1-transitional.dtd">
<html xmlns="http://www.w3.org/1999/xhtml" xml:lang="en" lang="en">
 <head>
  <title>
</title>
<meta http-equiv="Content-Type" content="text/html;charset=utf-8" />
  <meta name='ocr-system' content='tesseract 3.04.00' />
  <meta name='ocr-capabilities' content='ocr_page ocr_carea ocr_par ocr_line ocrx_word'/>
</head>
<body>
  <div class='ocr_page' id='page_1' title='image "./desideriierasmi01erasgoog_0221.png"; bbox 0 0 2186 3258; ppageno 0'>
   <div class='ocr_carea' id='block_1_1' title="bbox 171 129 783 228">
    <p class='ocr_par' dir='ltr' id='par_1_1' title="bbox 171 129 783 228">
     <span class='ocr_line' id='line_1_1' title="bbox 171 129 783 228; baseline -0.007 0"><span class='ocrx_word' id='word_1_1' title='bbox 171 129 225 228; x_wconf 69' lang='lat' dir='ltr'>nro</span> <span class='ocrx_word' id='word_1_2' title='bbox 400 166 404 179; x_wconf 90' lang='lat'><strong>·</strong></span> <span class='ocrx_word' id='word_1_3' title='bbox 435 165 689 227; x_wconf 58' lang='lat' dir='ltr'>‹nurc1u1n</span> <span class='ocrx_word' id='word_1_4' title='bbox 774 173 783 188; x_wconf 53' lang='lat' dir='ltr'><strong><em>s</em></strong></span> 
     </span>
    </p>
   </div>
   <div class='ocr_carea' id='block_1_2' title="bbox 157 251 1071 336">
    <p class='ocr_par' dir='ltr' id='par_1_2' title="bbox 157 251 1071 336">
     <span class='ocr_line' id='line_1_2' title="bbox 157 251 1071 336; baseline -0.003 -14"><span class='ocrx_word' id='word_1_5' title='bbox 157 273 267 327; x_wconf 73' lang='lat' dir='ltr'>,mium</span> <span class='ocrx_word' id='word_1_6' title='bbox 302 267 383 324; x_wconf 78' lang='lat' dir='ltr'>illico</span> <span class='ocrx_word' id='word_1_7' title='bbox 403 270 501 324; x_wconf 77' lang='lat' dir='ltr'>sinnius</span> <span class='ocrx_word' id='word_1_8' title='bbox 527 273 660 336; x_wconf 73' lang='lat' dir='ltr'>gruum</span> <span class='ocrx_word' id='word_1_9' title='bbox 673 257 775 320; x_wconf 81' lang='lat' dir='ltr'>insiliit</span> <span class='ocrx_word' id='word_1_10' title='bbox 792 271 823 320; x_wconf 92' lang='lat' dir='ltr'>in</span> <span class='ocrx_word' id='word_1_11' title='bbox 843 268 976 326; x_wconf 83' lang='lat' dir='ltr'>humeros</span> <span class='ocrx_word' id='word_1_12' title='bbox 1070 251 1071 324; x_wconf 66' lang='lat' dir='ltr'>l</span> 
     </span>
    </p>
   </div>
   <div class='ocr_carea' id='block_1_3' title="bbox 162 337 977 546">
    <p class='ocr_par' dir='ltr' id='par_1_3' title="bbox 162 337 977 546">
     <span class='ocr_line' id='line_1_3' title="bbox 171 337 977 412; baseline -0.002 -18"><span class='ocrx_word' id='word_1_13' title='bbox 171 343 262 412; x_wconf 83' lang='lat' dir='ltr'>pueri,</span> <span class='ocrx_word' id='word_1_14' title='bbox 273 347 423 394; x_wconf 74' lang='lat' dir='ltr'><strong>venaturus</strong></span> <span class='ocrx_word' id='word_1_15' title='bbox 434 337 589 404; x_wconf 74' lang='lat' dir='ltr'>pediculum</span> <span class='ocrx_word' id='word_1_16' title='bbox 606 337 717 390; x_wconf 77' lang='lat' dir='ltr'>sublato</span> <span class='ocrx_word' id='word_1_17' title='bbox 730 338 806 408; x_wconf 86' lang='lat' dir='ltr'>pileo</span> <span class='ocrx_word' id='word_1_18' title='bbox 817 340 927 406; x_wconf 85' lang='lat' dir='ltr'>reperit</span> <span class='ocrx_word' id='word_1_19' title='bbox 936 346 977 392; x_wconf 86' lang='lat' dir='ltr'>te·</span> 
     </span>
     <span class='ocr_line' id='line_1_4' title="bbox 162 408 977 474; baseline -0.004 -9"><span class='ocrx_word' id='word_1_20' title='bbox 162 411 318 466; x_wconf 52' lang='lat' dir='ltr'>,etudinem</span> <span class='ocrx_word' id='word_1_21' title='bbox 353 409 459 460; x_wconf 82' lang='lat' dir='ltr'>Mirum</span> <span class='ocrx_word' id='word_1_22' title='bbox 485 413 546 460; x_wconf 84' lang='lat' dir='ltr'>erat</span> <span class='ocrx_word' id='word_1_23' title='bbox 571 408 762 474; x_wconf 70' lang='lat' dir='ltr'>spectaculum</span> <span class='ocrx_word' id='word_1_24' title='bbox 787 414 893 474; x_wconf 78' lang='lat' dir='ltr'>quanto</span> <span class='ocrx_word' id='word_1_25' title='bbox 914 424 977 462; x_wconf 83' lang='lat' dir='ltr'>oum</span> 
     </span>
     <span class='ocr_line' id='line_1_5' title="bbox 168 477 977 546; baseline -0.004 -12"><span class='ocrx_word' id='word_1_26' title='bbox 168 479 288 534; x_wconf 85' lang='lat' dir='ltr'>borrore</span> <span class='ocrx_word' id='word_1_27' title='bbox 308 477 571 540; x_wconf 69' lang='lat' dir='ltr'>renitententis,</span> <span class='ocrx_word' id='word_1_28' title='bbox 597 491 686 544; x_wconf 72' lang='lat' dir='ltr'>ouem</span> <span class='ocrx_word' id='word_1_29' title='bbox 705 477 862 544; x_wconf 80' lang='lat' dir='ltr'>expaverit,</span> <span class='ocrx_word' id='word_1_30' title='bbox 892 493 977 546; x_wconf 78' lang='lat' dir='ltr'>quent</span> 
     </span>
    </p>
   </div>
   <div class='ocr_carea' id='block_1_4' title="bbox 50 545 1029 615">
    <p class='ocr_par' dir='ltr' id='par_1_4' title="bbox 50 545 1029 615">
     <span class='ocr_line' id='line_1_6' title="bbox 50 545 1029 615; baseline -0.007 -11"><span class='ocrx_word' id='word_1_31' title='bbox 50 579 54 584; x_wconf 94' lang='lat'><em>·</em></span> <span class='ocrx_word' id='word_1_32' title='bbox 169 549 270 602; x_wconf 86' lang='lat' dir='ltr'>timide</span> <span class='ocrx_word' id='word_1_33' title='bbox 290 549 460 615; x_wconf 74' lang='lat' dir='ltr'>respexerit,</span> <span class='ocrx_word' id='word_1_34' title='bbox 488 560 524 597; x_wconf 82' lang='lat' dir='ltr'>sn</span> <span class='ocrx_word' id='word_1_35' title='bbox 544 552 708 614; x_wconf 71' lang='lat' dir='ltr'>sequeretur</span> <span class='ocrx_word' id='word_1_36' title='bbox 728 545 848 599; x_wconf 86' lang='lat' dir='ltr'>testudo.</span> <span class='ocrx_word' id='word_1_37' title='bbox 894 547 979 610; x_wconf 80' lang='lat' dir='ltr'>Addi·</span> <span class='ocrx_word' id='word_1_38' title='bbox 1023 567 1029 574; x_wconf 88' lang='lat'>·</span> 
     </span>
    </p>
   </div>
   <div class='ocr_carea' id='block_1_5' title="bbox 169 615 1025 755">
    <p class='ocr_par' dir='ltr' id='par_1_5' title="bbox 169 615 1025 755">
     <span class='ocr_line' id='line_1_7' title="bbox 169 615 1025 685; baseline 0 -11"><span class='ocrx_word' id='word_1_39' title='bbox 169 623 231 674; x_wconf 73' lang='lat' dir='ltr'>tun</span> <span class='ocrx_word' id='word_1_40' title='bbox 251 623 297 670; x_wconf 85' lang='lat' dir='ltr'>est</span> <span class='ocrx_word' id='word_1_41' title='bbox 316 616 395 672; x_wconf 81' lang='lat' dir='ltr'>eliud</span> <span class='ocrx_word' id='word_1_42' title='bbox 417 617 566 684; x_wconf 82' lang='lat' dir='ltr'>specimen.</span> <span class='ocrx_word' id='word_1_43' title='bbox 601 616 783 685; x_wconf 70' lang='lat' dir='ltr'>illigavimus</span> <span class='ocrx_word' id='word_1_44' title='bbox 809 615 978 671; x_wconf 75' lang='lat' dir='ltr'>testudinem</span> <span class='ocrx_word' id='word_1_45' title='bbox 1023 671 1025 674; x_wconf 84' lang='grc'><strong>,</strong></span> 
     </span>
     <span class='ocr_line' id='line_1_8' title="bbox 171 683 1012 755; baseline -0.01 -13"><span class='ocrx_word' id='word_1_46' title='bbox 171 692 288 742; x_wconf 73' lang='lat' dir='ltr'>eotenus</span> <span class='ocrx_word' id='word_1_47' title='bbox 307 703 326 742; x_wconf 80' lang='lat' dir='ltr'>e</span> <span class='ocrx_word' id='word_1_48' title='bbox 347 699 402 755; x_wconf 78' lang='lat' dir='ltr'>qut</span> <span class='ocrx_word' id='word_1_49' title='bbox 422 689 562 738; x_wconf 77' lang='lat' dir='ltr'>revinctus</span> <span class='ocrx_word' id='word_1_50' title='bbox 582 690 646 739; x_wconf 83' lang='lat' dir='ltr'>erat</span> <span class='ocrx_word' id='word_1_51' title='bbox 665 686 779 748; x_wconf 87' lang='lat' dir='ltr'>simius,</span> <span class='ocrx_word' id='word_1_52' title='bbox 799 691 832 736; x_wconf 89' lang='lat' dir='ltr'>ut</span> <span class='ocrx_word' id='word_1_53' title='bbox 853 683 978 753; x_wconf 77' lang='lat' dir='ltr'>effugere</span> <span class='ocrx_word' id='word_1_54' title='bbox 1009 725 1012 734; x_wconf 95' lang='grc'><em>,</em></span> 
     </span>
    </p>
   </div>
   <div class='ocr_carea' id='block_1_6' title="bbox 169 753 1072 826">
    <p class='ocr_par' dir='ltr' id='par_1_6' title="bbox 169 753 1072 826">
     <span class='ocr_line' id='line_1_9' title="bbox 169 753 1072 826; baseline 0 -16"><span class='ocrx_word' id='word_1_55' title='bbox 169 763 228 810; x_wconf 79' lang='lat' dir='ltr'>nou</span> <span class='ocrx_word' id='word_1_56' title='bbox 236 763 341 825; x_wconf 86' lang='lat' dir='ltr'>posset,</span> <span class='ocrx_word' id='word_1_57' title='bbox 354 755 421 824; x_wconf 86' lang='lat' dir='ltr'>quin</span> <span class='ocrx_word' id='word_1_58' title='bbox 430 755 528 808; x_wconf 72' lang='lat' dir='ltr'>saltem</span> <span class='ocrx_word' id='word_1_59' title='bbox 541 753 691 826; x_wconf 77' lang='lat' dir='ltr'>sspioeret3</span> <span class='ocrx_word' id='word_1_60' title='bbox 708 753 879 808; x_wconf 82' lang='lat' dir='ltr'>incredibile</span> <span class='ocrx_word' id='word_1_61' title='bbox 891 755 978 821; x_wconf 82' lang='lat' dir='ltr'>dictu,</span> <span class='ocrx_word' id='word_1_62' title='bbox 1071 771 1072 792; x_wconf 62' lang='lat'>¹</span> 
     </span>
    </p>
   </div>
   <div class='ocr_carea' id='block_1_7' title="bbox 90 823 978 1312">
    <p class='ocr_par' dir='ltr' id='par_1_7' title="bbox 90 823 978 1312">
     <span class='ocr_line' id='line_1_10' title="bbox 171 823 978 896; baseline -0.001 -16"><span class='ocrx_word' id='word_1_63' title='bbox 171 833 344 896; x_wconf 81' lang='lat' dir='ltr'>quantopere</span> <span class='ocrx_word' id='word_1_64' title='bbox 366 825 452 878; x_wconf 76' lang='lat' dir='ltr'>merit</span> <span class='ocrx_word' id='word_1_65' title='bbox 472 823 670 889; x_wconf 62' lang='lat' dir='ltr'>discruciatum</span> <span class='ocrx_word' id='word_1_66' title='bbox 693 830 804 878; x_wconf 85' lang='lat' dir='ltr'>tentum</span> <span class='ocrx_word' id='word_1_67' title='bbox 824 840 881 878; x_wconf 90' lang='lat' dir='ltr'>non</span> <span class='ocrx_word' id='word_1_68' title='bbox 898 831 978 879; x_wconf 86' lang='lat' dir='ltr'>metu</span> 
     </span>
     <span class='ocr_line' id='line_1_11' title="bbox 172 893 978 962; baseline -0.005 -9"><span class='ocrx_word' id='word_1_69' title='bbox 172 898 395 960; x_wconf 77' lang='lat' dir='ltr'>exanimabutur3</span> <span class='ocrx_word' id='word_1_70' title='bbox 414 893 555 947; x_wconf 87' lang='lat' dir='ltr'>interdum</span> <span class='ocrx_word' id='word_1_71' title='bbox 570 908 683 946; x_wconf 81' lang='lat' dir='ltr'>eversus</span> <span class='ocrx_word' id='word_1_72' title='bbox 704 895 909 961; x_wconf 72' lang='lat' dir='ltr'>posterioribus</span> <span class='ocrx_word' id='word_1_73' title='bbox 921 909 978 962; x_wconf 78' lang='lat' dir='ltr'>pe·</span> 
     </span>
     <span class='ocr_line' id='line_1_12' title="bbox 172 961 978 1036; baseline 0 -16"><span class='ocrx_word' id='word_1_74' title='bbox 172 966 254 1020; x_wconf 86' lang='lat' dir='ltr'>dibus</span> <span class='ocrx_word' id='word_1_75' title='bbox 269 967 413 1036; x_wconf 84' lang='lat' dir='ltr'>depellere</span> <span class='ocrx_word' id='word_1_76' title='bbox 430 963 550 1018; x_wconf 76' lang='lat' dir='ltr'>tentarit</span> <span class='ocrx_word' id='word_1_77' title='bbox 565 961 726 1018; x_wconf 82' lang='lat' dir='ltr'>hoerentem</span> <span class='ocrx_word' id='word_1_78' title='bbox 736 965 864 1019; x_wconf 80' lang='lat' dir='ltr'>bestium.</span> <span class='ocrx_word' id='word_1_79' title='bbox 901 965 978 1020; x_wconf 82' lang='lat' dir='ltr'>Tuu-</span> 
     </span>
     <span class='ocr_line' id='line_1_13' title="bbox 170 1032 976 1105; baseline -0.001 -15"><span class='ocrx_word' id='word_1_80' title='bbox 170 1035 236 1090; x_wconf 87' lang='lat' dir='ltr'>dem</span> <span class='ocrx_word' id='word_1_81' title='bbox 252 1035 386 1105; x_wconf 87' lang='lat' dir='ltr'>quidquid</span> <span class='ocrx_word' id='word_1_82' title='bbox 405 1041 467 1089; x_wconf 84' lang='lat' dir='ltr'>eret</span> <span class='ocrx_word' id='word_1_83' title='bbox 485 1033 514 1085; x_wconf 89' lang='lat' dir='ltr'>in</span> <span class='ocrx_word' id='word_1_84' title='bbox 534 1032 598 1102; x_wconf 78' lang='lat' dir='ltr'>else</span> <span class='ocrx_word' id='word_1_85' title='bbox 620 1039 669 1085; x_wconf 78' lang='lat' dir='ltr'>uui</span> <span class='ocrx_word' id='word_1_86' title='bbox 684 1035 780 1086; x_wconf 67' lang='lat' dir='ltr'>vesicis</span> <span class='ocrx_word' id='word_1_87' title='bbox 795 1034 889 1087; x_wconf 89' lang='lat' dir='ltr'>oneris</span> <span class='ocrx_word' id='word_1_88' title='bbox 902 1035 976 1089; x_wconf 85' lang='lat' dir='ltr'>reie-</span> 
     </span>
     <span class='ocr_line' id='line_1_14' title="bbox 90 1101 978 1175; baseline 0.002 -19"><span class='ocrx_word' id='word_1_89' title='bbox 90 1153 91 1156; x_wconf 74' lang='grc'>,</span> <span class='ocrx_word' id='word_1_90' title='bbox 172 1106 219 1159; x_wconf 80' lang='lat' dir='ltr'>eit.</span> <span class='ocrx_word' id='word_1_91' title='bbox 255 1105 380 1175; x_wconf 80' lang='lat' dir='ltr'>Sequuts</span> <span class='ocrx_word' id='word_1_92' title='bbox 391 1111 434 1160; x_wconf 88' lang='lat' dir='ltr'>est</span> <span class='ocrx_word' id='word_1_93' title='bbox 444 1119 479 1157; x_wconf 86' lang='lat' dir='ltr'>ex</span> <span class='ocrx_word' id='word_1_94' title='bbox 490 1118 523 1156; x_wconf 86' lang='lat' dir='ltr'>oo</span> <span class='ocrx_word' id='word_1_95' title='bbox 534 1117 636 1173; x_wconf 72' lang='lat' dir='ltr'>potore</span> <span class='ocrx_word' id='word_1_96' title='bbox 647 1101 742 1168; x_wconf 74' lang='lat' dir='ltr'>febris,</span> <span class='ocrx_word' id='word_1_97' title='bbox 757 1109 789 1156; x_wconf 91' lang='lat' dir='ltr'>ut</span> <span class='ocrx_word' id='word_1_98' title='bbox 799 1105 879 1156; x_wconf 87' lang='lat' dir='ltr'>nobis</span> <span class='ocrx_word' id='word_1_99' title='bbox 891 1101 978 1158; x_wconf 75' lang='lat' dir='ltr'>luerit</span> 
     </span>
     <span class='ocr_line' id='line_1_15' title="bbox 170 1173 978 1242; baseline 0 -14"><span class='ocrx_word' id='word_1_100' title='bbox 170 1175 321 1238; x_wconf 81' lang='lat' dir='ltr'>solvendus</span> <span class='ocrx_word' id='word_1_101' title='bbox 339 1192 356 1228; x_wconf 84' lang='lat' dir='ltr'>s</span> <span class='ocrx_word' id='word_1_102' title='bbox 367 1180 481 1236; x_wconf 76' lang='lat' dir='ltr'>eatena,</span> <span class='ocrx_word' id='word_1_103' title='bbox 500 1179 530 1226; x_wconf 86' lang='lat' dir='ltr'>et</span> <span class='ocrx_word' id='word_1_104' title='bbox 541 1188 614 1242; x_wconf 84' lang='lat' dir='ltr'>oque</span> <span class='ocrx_word' id='word_1_105' title='bbox 622 1173 687 1228; x_wconf 80' lang='lat' dir='ltr'>rino</span> <span class='ocrx_word' id='word_1_106' title='bbox 698 1178 858 1240; x_wconf 77' lang='lat' dir='ltr'>temperate</span> <span class='ocrx_word' id='word_1_107' title='bbox 865 1173 978 1228; x_wconf 78' lang='lat' dir='ltr'>refoed-</span> 
     </span>
     <span class='ocr_line' id='line_1_16' title="bbox 169 1242 977 1312; baseline 0.001 -15"><span class='ocrx_word' id='word_1_108' title='bbox 169 1244 282 1298; x_wconf 86' lang='lat' dir='ltr'>lundus.</span> <span class='ocrx_word' id='word_1_109' title='bbox 303 1259 342 1296; x_wconf 89' lang='lat' dir='ltr'>ro.</span> <span class='ocrx_word' id='word_1_110' title='bbox 352 1246 436 1312; x_wconf 78' lang='lat' dir='ltr'>Atqui</span> <span class='ocrx_word' id='word_1_111' title='bbox 447 1242 519 1296; x_wconf 90' lang='lat' dir='ltr'>nihil</span> <span class='ocrx_word' id='word_1_112' title='bbox 530 1249 582 1307; x_wconf 86' lang='lat' dir='ltr'>est,</span> <span class='ocrx_word' id='word_1_113' title='bbox 592 1244 665 1312; x_wconf 89' lang='lat' dir='ltr'>quod</span> <span class='ocrx_word' id='word_1_114' title='bbox 676 1243 731 1296; x_wconf 88' lang='lat' dir='ltr'>sibi</span> <span class='ocrx_word' id='word_1_115' title='bbox 742 1259 760 1296; x_wconf 81' lang='lat' dir='ltr'>s</span> <span class='ocrx_word' id='word_1_116' title='bbox 770 1243 910 1297; x_wconf 83' lang='lat' dir='ltr'>testudine</span> <span class='ocrx_word' id='word_1_117' title='bbox 919 1259 977 1298; x_wconf 84' lang='lat' dir='ltr'>rne-</span> 
     </span>
    </p>
   </div>
   <div class='ocr_carea' id='block_1_8' title="bbox 73 1312 977 1384">
    <p class='ocr_par' dir='ltr' id='par_1_8' title="bbox 73 1312 977 1384">
     <span class='ocr_line' id='line_1_17' title="bbox 73 1312 977 1384; baseline -0.014 -8"><span class='ocrx_word' id='word_1_118' title='bbox 73 1361 82 1376; x_wconf 73' lang='grc'><em>,</em></span> <span class='ocrx_word' id='word_1_119' title='bbox 169 1319 236 1367; x_wconf 78' lang='lat' dir='ltr'>tuat</span> <span class='ocrx_word' id='word_1_120' title='bbox 245 1314 351 1366; x_wconf 86' lang='lat' dir='ltr'>simius.</span> <span class='ocrx_word' id='word_1_121' title='bbox 365 1329 411 1367; x_wconf 78' lang='lat' dir='ltr'>nr.</span> <span class='ocrx_word' id='word_1_122' title='bbox 422 1313 563 1367; x_wconf 71' lang='lat' dir='ltr'>Fortassis</span> <span class='ocrx_word' id='word_1_123' title='bbox 574 1312 681 1383; x_wconf 79' lang='lat' dir='ltr'>aliquid</span> <span class='ocrx_word' id='word_1_124' title='bbox 691 1320 736 1368; x_wconf 90' lang='lat' dir='ltr'>est</span> <span class='ocrx_word' id='word_1_125' title='bbox 747 1313 821 1384; x_wconf 86' lang='lat' dir='ltr'>quod</span> <span class='ocrx_word' id='word_1_126' title='bbox 831 1328 883 1366; x_wconf 91' lang='lat' dir='ltr'>nos</span> <span class='ocrx_word' id='word_1_127' title='bbox 892 1313 977 1384; x_wconf 77' lang='lat' dir='ltr'>fugit,</span> 
     </span>
    </p>
   </div>
   <div class='ocr_carea' id='block_1_9' title="bbox 96 1383 1036 2781">
    <p class='ocr_par' dir='ltr' id='par_1_9' title="bbox 96 1383 1036 2781">
     <span class='ocr_line' id='line_1_18' title="bbox 169 1383 977 1454; baseline 0.002 -18"><span class='ocrx_word' id='word_1_128' title='bbox 169 1390 290 1437; x_wconf 74' lang='lat' dir='ltr'>naturae</span> <span class='ocrx_word' id='word_1_129' title='bbox 301 1386 451 1454; x_wconf 79' lang='lat' dir='ltr'>eognimn.</span> <span class='ocrx_word' id='word_1_130' title='bbox 468 1383 496 1438; x_wconf 88' lang='lat' dir='ltr'><strong>N</strong></span> <span class='ocrx_word' id='word_1_131' title='bbox 497 1399 542 1436; x_wconf 81' lang='lat' dir='ltr'>ern</span> <span class='ocrx_word' id='word_1_132' title='bbox 553 1397 603 1436; x_wconf 86' lang='lat' dir='ltr'>eur</span> <span class='ocrx_word' id='word_1_133' title='bbox 612 1383 741 1438; x_wconf 78' lang='lat' dir='ltr'>acanthis</span> <span class='ocrx_word' id='word_1_134' title='bbox 752 1384 847 1444; x_wconf 85' lang='lat' dir='ltr'>oderit</span> <span class='ocrx_word' id='word_1_135' title='bbox 857 1385 977 1452; x_wconf 78' lang='lat' dir='ltr'>asinum,</span> 
     </span>
     <span class='ocr_line' id='line_1_19' title="bbox 171 1453 976 1524; baseline 0.001 -16"><span class='ocrx_word' id='word_1_136' title='bbox 171 1468 271 1508; x_wconf 80' lang='lat' dir='ltr'>ouussu</span> <span class='ocrx_word' id='word_1_137' title='bbox 280 1454 308 1506; x_wconf 90' lang='lat' dir='ltr'>in</span> <span class='ocrx_word' id='word_1_138' title='bbox 318 1460 452 1522; x_wconf 85' lang='lat' dir='ltr'>promptu</span> <span class='ocrx_word' id='word_1_139' title='bbox 462 1460 513 1519; x_wconf 85' lang='lat' dir='ltr'>ost,</span> <span class='ocrx_word' id='word_1_140' title='bbox 524 1455 600 1524; x_wconf 83' lang='lat' dir='ltr'>quod</span> <span class='ocrx_word' id='word_1_141' title='bbox 609 1454 659 1508; x_wconf 88' lang='lat' dir='ltr'>ills</span> <span class='ocrx_word' id='word_1_142' title='bbox 669 1469 700 1510; x_wconf 88' lang='lat' dir='ltr'>ss</span> <span class='ocrx_word' id='word_1_143' title='bbox 711 1453 824 1508; x_wconf 73' lang='lat' dir='ltr'>effricat</span> <span class='ocrx_word' id='word_1_144' title='bbox 833 1455 932 1522; x_wconf 81' lang='lat' dir='ltr'>spinis,</span> <span class='ocrx_word' id='word_1_145' title='bbox 946 1455 976 1510; x_wconf 89' lang='lat' dir='ltr'>in</span> 
     </span>
     <span class='ocr_line' id='line_1_20' title="bbox 172 1522 976 1592; baseline 0.002 -16"><span class='ocrx_word' id='word_1_146' title='bbox 172 1524 274 1591; x_wconf 79' lang='lat' dir='ltr'>quibus</span> <span class='ocrx_word' id='word_1_147' title='bbox 284 1524 426 1578; x_wconf 83' lang='lat' dir='ltr'>nidulatur</span> <span class='ocrx_word' id='word_1_148' title='bbox 440 1524 562 1590; x_wconf 85' lang='lat' dir='ltr'>sriouls,</span> <span class='ocrx_word' id='word_1_149' title='bbox 586 1530 615 1578; x_wconf 92' lang='lat' dir='ltr'>et</span> <span class='ocrx_word' id='word_1_150' title='bbox 631 1522 715 1578; x_wconf 84' lang='lat' dir='ltr'>flores</span> <span class='ocrx_word' id='word_1_151' title='bbox 731 1525 791 1578; x_wconf 86' lang='lat' dir='ltr'>eius</span> <span class='ocrx_word' id='word_1_152' title='bbox 807 1525 976 1592; x_wconf 84' lang='lat' dir='ltr'>depssoitur.</span> 
     </span>
     <span class='ocr_line' id='line_1_21' title="bbox 171 1593 975 1664; baseline 0 -16"><span class='ocrx_word' id='word_1_153' title='bbox 171 1594 279 1648; x_wconf 73' lang='lat' dir='ltr'>Tantus</span> <span class='ocrx_word' id='word_1_154' title='bbox 290 1600 384 1649; x_wconf 85' lang='lat' dir='ltr'>sutem</span> <span class='ocrx_word' id='word_1_155' title='bbox 394 1600 487 1662; x_wconf 78' lang='lat' dir='ltr'>terror</span> <span class='ocrx_word' id='word_1_156' title='bbox 495 1593 582 1649; x_wconf 81' lang='lat' dir='ltr'>hebet</span> <span class='ocrx_word' id='word_1_157' title='bbox 590 1593 775 1658; x_wconf 79' lang='lat' dir='ltr'>soontbidsrn,</span> <span class='ocrx_word' id='word_1_158' title='bbox 785 1599 818 1646; x_wconf 76' lang='lat' dir='ltr'>ut</span> <span class='ocrx_word' id='word_1_159' title='bbox 827 1594 850 1644; x_wconf 66' lang='lat' dir='ltr'>s*</span> <span class='ocrx_word' id='word_1_160' title='bbox 862 1594 975 1664; x_wconf 86' lang='lat' dir='ltr'>quondo</span> 
     </span>
     <span class='ocr_line' id='line_1_22' title="bbox 169 1663 975 1734; baseline 0.002 -18"><span class='ocrx_word' id='word_1_161' title='bbox 169 1664 269 1733; x_wconf 83' lang='lat' dir='ltr'>procul</span> <span class='ocrx_word' id='word_1_162' title='bbox 280 1665 389 1718; x_wconf 79' lang='lat' dir='ltr'>usinum</span> <span class='ocrx_word' id='word_1_163' title='bbox 400 1664 547 1720; x_wconf 83' lang='lat' dir='ltr'>rudentem</span> <span class='ocrx_word' id='word_1_164' title='bbox 557 1664 663 1731; x_wconf 69' lang='lat' dir='ltr'>eddim,</span> <span class='ocrx_word' id='word_1_165' title='bbox 673 1681 726 1719; x_wconf 80' lang='lat' dir='ltr'>ore</span> <span class='ocrx_word' id='word_1_166' title='bbox 736 1664 860 1728; x_wconf 79' lang='lat' dir='ltr'>deiicist,</span> <span class='ocrx_word' id='word_1_167' title='bbox 876 1663 946 1734; x_wconf 75' lang='lat' dir='ltr'>pulli</span> <span class='ocrx_word' id='word_1_168' title='bbox 956 1679 975 1718; x_wconf 80' lang='lat' dir='ltr'>e</span> 
     </span>
     <span class='ocr_line' id='line_1_23' title="bbox 142 1732 974 1806; baseline 0.001 -19"><span class='ocrx_word' id='word_1_169' title='bbox 142 1787 145 1792; x_wconf 87' lang='grc'><em>,</em></span> <span class='ocrx_word' id='word_1_170' title='bbox 169 1732 239 1787; x_wconf 88' lang='lat' dir='ltr'>nido</span> <span class='ocrx_word' id='word_1_171' title='bbox 251 1733 383 1787; x_wconf 80' lang='lat' dir='ltr'>desident</span> <span class='ocrx_word' id='word_1_172' title='bbox 396 1740 480 1788; x_wconf 85' lang='lat' dir='ltr'>metu.</span> <span class='ocrx_word' id='word_1_173' title='bbox 516 1734 813 1806; x_wconf 80' lang='lat' dir='ltr'>Neopetiturhostem</span> <span class='ocrx_word' id='word_1_174' title='bbox 822 1734 974 1801; x_wconf 87' lang='lat' dir='ltr'>impunem.</span> 
     </span>
     <span class='ocr_line' id='line_1_24' title="bbox 171 1801 975 1860; baseline 0.004 -5"><span class='ocrx_word' id='word_1_175' title='bbox 171 1816 211 1855; x_wconf 87' lang='lat' dir='ltr'>so.</span> <span class='ocrx_word' id='word_1_176' title='bbox 218 1801 273 1855; x_wconf 86' lang='lat' dir='ltr'>Sed</span> <span class='ocrx_word' id='word_1_177' title='bbox 302 1818 338 1856; x_wconf 87' lang='lat' dir='ltr'>uu</span> <span class='ocrx_word' id='word_1_178' title='bbox 348 1803 463 1857; x_wconf 68' lang='lat' dir='ltr'>tanuen</span> <span class='ocrx_word' id='word_1_179' title='bbox 474 1803 503 1854; x_wconf 90' lang='lat' dir='ltr'>in</span> <span class='ocrx_word' id='word_1_180' title='bbox 512 1815 544 1856; x_wconf 88' lang='lat' dir='ltr'>re</span> <span class='ocrx_word' id='word_1_181' title='bbox 555 1804 682 1857; x_wconf 73' lang='lat' dir='ltr'>semitis</span> <span class='ocrx_word' id='word_1_182' title='bbox 692 1804 782 1858; x_wconf 85' lang='lat' dir='ltr'>leedit</span> <span class='ocrx_word' id='word_1_183' title='bbox 791 1803 918 1856; x_wconf 74' lang='lat' dir='ltr'>usinum!</span> <span class='ocrx_word' id='word_1_184' title='bbox 927 1821 975 1860; x_wconf 81' lang='lat' dir='ltr'>er.</span> 
     </span>
     <span class='ocr_line' id='line_1_25' title="bbox 167 1819 1036 1935; baseline 0.005 -11"><span class='ocrx_word' id='word_1_185' title='bbox 167 1869 275 1925; x_wconf 80' lang='lat' dir='ltr'>Rostro</span> <span class='ocrx_word' id='word_1_186' title='bbox 284 1819 366 1925; x_wconf 37' lang='lat' dir='ltr'>{odit</span> <span class='ocrx_word' id='word_1_187' title='bbox 380 1873 459 1926; x_wconf 87' lang='lat' dir='ltr'>illius</span> <span class='ocrx_word' id='word_1_188' title='bbox 472 1870 601 1935; x_wconf 75' lang='lat' dir='ltr'>husen,</span> <span class='ocrx_word' id='word_1_189' title='bbox 621 1870 743 1925; x_wconf 79' lang='lat' dir='ltr'>fustibus</span> <span class='ocrx_word' id='word_1_190' title='bbox 755 1875 924 1928; x_wconf 77' lang='lat' dir='ltr'>muneribus</span> <span class='ocrx_word' id='word_1_191' title='bbox 935 1874 976 1928; x_wconf 71' lang='lat' dir='ltr'>io-</span> <span class='ocrx_word' id='word_1_192' title='bbox 1031 1903 1036 1909; x_wconf 94' lang='lat'>·</span> 
     </span>
     <span class='ocr_line' id='line_1_26' title="bbox 96 1940 976 2010; baseline 0.002 -16"><span class='ocrx_word' id='word_1_193' title='bbox 96 1961 101 1967; x_wconf 95' lang='lat'>·</span> <span class='ocrx_word' id='word_1_194' title='bbox 172 1945 235 2004; x_wconf 79' lang='lat' dir='ltr'>eto3</span> <span class='ocrx_word' id='word_1_195' title='bbox 253 1944 353 2010; x_wconf 75' lang='lat' dir='ltr'>pungit</span> <span class='ocrx_word' id='word_1_196' title='bbox 367 1947 398 1994; x_wconf 86' lang='lat' dir='ltr'>et</span> <span class='ocrx_word' id='word_1_197' title='bbox 413 1940 640 1994; x_wconf 76' lang='lat' dir='ltr'>modieneriurn.</span> <span class='ocrx_word' id='word_1_198' title='bbox 677 1940 775 1995; x_wconf 86' lang='lat' dir='ltr'>Potest</span> <span class='ocrx_word' id='word_1_199' title='bbox 788 1943 856 1995; x_wconf 85' lang='lat' dir='ltr'>item</span> <span class='ocrx_word' id='word_1_200' title='bbox 867 1943 976 2010; x_wconf 78' lang='lat' dir='ltr'>aliquid</span> 
     </span>
     <span class='ocr_line' id='line_1_27' title="bbox 170 2009 976 2079; baseline 0.007 -17"><span class='ocrx_word' id='word_1_201' title='bbox 170 2023 286 2063; x_wconf 74' lang='lat' dir='ltr'>canusso</span> <span class='ocrx_word' id='word_1_202' title='bbox 305 2010 440 2079; x_wconf 73' lang='lat' dir='ltr'>divinari,</span> <span class='ocrx_word' id='word_1_203' title='bbox 461 2024 510 2064; x_wconf 85' lang='lat' dir='ltr'>eur</span> <span class='ocrx_word' id='word_1_204' title='bbox 523 2013 600 2064; x_wconf 87' lang='lat' dir='ltr'>inter</span> <span class='ocrx_word' id='word_1_205' title='bbox 609 2009 705 2078; x_wconf 79' lang='lat' dir='ltr'>vulpes</span> <span class='ocrx_word' id='word_1_206' title='bbox 716 2019 744 2065; x_wconf 85' lang='lat' dir='ltr'>et</span> <span class='ocrx_word' id='word_1_207' title='bbox 755 2012 865 2064; x_wconf 89' lang='lat' dir='ltr'>milvios</span> <span class='ocrx_word' id='word_1_208' title='bbox 875 2020 976 2068; x_wconf 80' lang='lat' dir='ltr'>mutue</span> 
     </span>
     <span class='ocr_line' id='line_1_28' title="bbox 170 2079 1025 2149; baseline 0.007 -18"><span class='ocrx_word' id='word_1_209' title='bbox 170 2080 210 2132; x_wconf 85' lang='lat' dir='ltr'>sit</span> <span class='ocrx_word' id='word_1_210' title='bbox 219 2079 357 2144; x_wconf 79' lang='lat' dir='ltr'>simultas,</span> <span class='ocrx_word' id='word_1_211' title='bbox 368 2081 443 2148; x_wconf 89' lang='lat' dir='ltr'>quod</span> <span class='ocrx_word' id='word_1_212' title='bbox 453 2083 512 2135; x_wconf 81' lang='lat' dir='ltr'>sris</span> <span class='ocrx_word' id='word_1_213' title='bbox 522 2096 609 2149; x_wconf 80' lang='lat' dir='ltr'>repar</span> <span class='ocrx_word' id='word_1_214' title='bbox 621 2081 735 2134; x_wconf 80' lang='lat' dir='ltr'>ulterius</span> <span class='ocrx_word' id='word_1_215' title='bbox 748 2081 848 2134; x_wconf 81' lang='lat' dir='ltr'>notulis</span> <span class='ocrx_word' id='word_1_216' title='bbox 858 2081 977 2138; x_wconf 83' lang='lat' dir='ltr'>insidie—</span> <span class='ocrx_word' id='word_1_217' title='bbox 1022 2121 1025 2128; x_wconf 71' lang='grc'>.</span> 
     </span>
     <span class='ocr_line' id='line_1_29' title="bbox 168 2148 977 2222; baseline 0.007 -20"><span class='ocrx_word' id='word_1_218' title='bbox 168 2153 225 2213; x_wconf 89' lang='lat' dir='ltr'>tur,</span> <span class='ocrx_word' id='word_1_219' title='bbox 236 2148 357 2204; x_wconf 78' lang='lat' dir='ltr'>fortusse</span> <span class='ocrx_word' id='word_1_220' title='bbox 366 2151 463 2222; x_wconf 83' lang='lat' dir='ltr'>vulpes</span> <span class='ocrx_word' id='word_1_221' title='bbox 475 2151 601 2204; x_wconf 80' lang='lat' dir='ltr'>vicissim</span> <span class='ocrx_word' id='word_1_222' title='bbox 606 2150 784 2218; x_wconf 77' lang='lat' dir='ltr'>illiuspullisr</span> <span class='ocrx_word' id='word_1_223' title='bbox 794 2165 868 2218; x_wconf 81' lang='lat' dir='ltr'>quse</span> <span class='ocrx_word' id='word_1_224' title='bbox 875 2161 977 2208; x_wconf 79' lang='lat' dir='ltr'>nsusso</span> 
     </span>
     <span class='ocr_line' id='line_1_30' title="bbox 169 2217 977 2278; baseline 0.007 -6"><span class='ocrx_word' id='word_1_225' title='bbox 169 2217 281 2272; x_wconf 87' lang='lat' dir='ltr'>dissidii</span> <span class='ocrx_word' id='word_1_226' title='bbox 301 2226 345 2274; x_wconf 89' lang='lat' dir='ltr'>est</span> <span class='ocrx_word' id='word_1_227' title='bbox 357 2219 430 2275; x_wconf 87' lang='lat' dir='ltr'>inter</span> <span class='ocrx_word' id='word_1_228' title='bbox 444 2221 548 2274; x_wconf 79' lang='lat' dir='ltr'>sorices</span> <span class='ocrx_word' id='word_1_229' title='bbox 563 2226 595 2274; x_wconf 87' lang='lat' dir='ltr'>et</span> <span class='ocrx_word' id='word_1_230' title='bbox 612 2220 750 2275; x_wconf 80' lang='lat' dir='ltr'>srdeolss.</span> <span class='ocrx_word' id='word_1_231' title='bbox 785 2221 892 2275; x_wconf 85' lang='lat' dir='ltr'>Esdesn</span> <span class='ocrx_word' id='word_1_232' title='bbox 913 2223 977 2278; x_wconf 83' lang='lat' dir='ltr'>fere</span> 
     </span>
     <span class='ocr_line' id='line_1_31' title="bbox 168 2288 976 2360; baseline 0.007 -19"><span class='ocrx_word' id='word_1_233' title='bbox 168 2288 243 2342; x_wconf 77' lang='lat' dir='ltr'>ratio</span> <span class='ocrx_word' id='word_1_234' title='bbox 262 2296 305 2342; x_wconf 85' lang='lat' dir='ltr'>est</span> <span class='ocrx_word' id='word_1_235' title='bbox 319 2291 395 2344; x_wconf 84' lang='lat' dir='ltr'>inter</span> <span class='ocrx_word' id='word_1_236' title='bbox 409 2291 523 2346; x_wconf 75' lang='lat' dir='ltr'>aesalon</span> <span class='ocrx_word' id='word_1_237' title='bbox 537 2305 651 2358; x_wconf 78' lang='lat' dir='ltr'>parsum</span> <span class='ocrx_word' id='word_1_238' title='bbox 669 2291 805 2344; x_wconf 71' lang='lat' dir='ltr'>ansulam</span> <span class='ocrx_word' id='word_1_239' title='bbox 817 2291 976 2360; x_wconf 81' lang='lat' dir='ltr'>etrulporn.</span> 
     </span>
     <span class='ocr_line' id='line_1_32' title="bbox 168 2357 978 2430; baseline 0.005 -18"><span class='ocrx_word' id='word_1_240' title='bbox 168 2357 366 2412; x_wconf 79' lang='lat' dir='ltr'>Nam&#39;eesolon</span> <span class='ocrx_word' id='word_1_241' title='bbox 378 2375 431 2414; x_wconf 85' lang='lat' dir='ltr'>ors</span> <span class='ocrx_word' id='word_1_242' title='bbox 441 2374 587 2414; x_wconf 81' lang='lat' dir='ltr'>corsorum</span> <span class='ocrx_word' id='word_1_243' title='bbox 598 2359 712 2430; x_wconf 54' lang='lat' dir='ltr'>frangit.</span> <span class='ocrx_word' id='word_1_244' title='bbox 741 2360 848 2413; x_wconf 79' lang='lat' dir='ltr'>Eadem</span> <span class='ocrx_word' id='word_1_245' title='bbox 858 2359 978 2416; x_wconf 74' lang='lat' dir='ltr'>infesto·</span> 
     </span>
     <span class='ocr_line' id='line_1_33' title="bbox 168 2429 975 2497; baseline 0.006 -17"><span class='ocrx_word' id='word_1_246' title='bbox 168 2431 218 2482; x_wconf 83' lang='lat' dir='ltr'>tur</span> <span class='ocrx_word' id='word_1_247' title='bbox 237 2443 255 2482; x_wconf 82' lang='lat' dir='ltr'>n</span> <span class='ocrx_word' id='word_1_248' title='bbox 273 2429 415 2497; x_wconf 81' lang='lat' dir='ltr'>vulpibus,</span> <span class='ocrx_word' id='word_1_249' title='bbox 436 2435 465 2484; x_wconf 90' lang='lat' dir='ltr'>et</span> <span class='ocrx_word' id='word_1_250' title='bbox 484 2431 607 2483; x_wconf 83' lang='lat' dir='ltr'>rioissirn</span> <span class='ocrx_word' id='word_1_251' title='bbox 627 2430 691 2482; x_wconf 88' lang='lat' dir='ltr'>illus</span> <span class='ocrx_word' id='word_1_252' title='bbox 711 2429 842 2494; x_wconf 77' lang='lat' dir='ltr'>infestet,</span> <span class='ocrx_word' id='word_1_253' title='bbox 862 2432 975 2485; x_wconf 78' lang='lat' dir='ltr'>catulos</span> 
     </span>
     <span class='ocr_line' id='line_1_34' title="bbox 168 2495 977 2569; baseline 0.005 -19"><span class='ocrx_word' id='word_1_254' title='bbox 168 2495 418 2554; x_wconf 79' lang='lat' dir='ltr'>eorumvellieans.</span> <span class='ocrx_word' id='word_1_255' title='bbox 453 2498 533 2564; x_wconf 73' lang='lat' dir='ltr'>Quod</span> <span class='ocrx_word' id='word_1_256' title='bbox 544 2499 593 2551; x_wconf 88' lang='lat' dir='ltr'>ubi</span> <span class='ocrx_word' id='word_1_257' title='bbox 602 2499 724 2553; x_wconf 83' lang='lat' dir='ltr'>viderint</span> <span class='ocrx_word' id='word_1_258' title='bbox 734 2500 824 2564; x_wconf 78' lang='lat' dir='ltr'>corti,</span> <span class='ocrx_word' id='word_1_259' title='bbox 843 2502 977 2569; x_wconf 79' lang='lat' dir='ltr'>vulpibus</span> 
     </span>
     <span class='ocr_line' id='line_1_35' title="bbox 167 2566 975 2637; baseline 0.006 -19"><span class='ocrx_word' id='word_1_260' title='bbox 167 2567 246 2619; x_wconf 78' lang='lat' dir='ltr'>velut</span> <span class='ocrx_word' id='word_1_261' title='bbox 261 2567 394 2624; x_wconf 72' lang='lat' dir='ltr'>adversus</span> <span class='ocrx_word' id='word_1_262' title='bbox 408 2583 582 2636; x_wconf 80' lang='lat' dir='ltr'>communem</span> <span class='ocrx_word' id='word_1_263' title='bbox 593 2566 703 2622; x_wconf 89' lang='lat' dir='ltr'>hostem</span> <span class='ocrx_word' id='word_1_264' title='bbox 714 2572 858 2637; x_wconf 77' lang='lat' dir='ltr'>suppetias</span> <span class='ocrx_word' id='word_1_265' title='bbox 868 2570 975 2624; x_wconf 81' lang='lat' dir='ltr'>terunt.</span> 
     </span>
     <span class='ocr_line' id='line_1_36' title="bbox 167 2636 975 2709; baseline 0.002 -19"><span class='ocrx_word' id='word_1_266' title='bbox 167 2636 254 2690; x_wconf 77' lang='lat' dir='ltr'>Atvix</span> <span class='ocrx_word' id='word_1_267' title='bbox 265 2637 390 2693; x_wconf 74' lang='lat' dir='ltr'>divinare</span> <span class='ocrx_word' id='word_1_268' title='bbox 402 2639 584 2709; x_wconf 60' lang='lat' dir='ltr'>lincomisum</span> <span class='ocrx_word' id='word_1_269' title='bbox 595 2637 630 2690; x_wconf 92' lang='lat' dir='ltr'>ob</span> <span class='ocrx_word' id='word_1_270' title='bbox 644 2653 770 2692; x_wconf 76' lang='lat' dir='ltr'>caussam</span> <span class='ocrx_word' id='word_1_271' title='bbox 781 2640 854 2692; x_wconf 87' lang='lat' dir='ltr'>iuter</span> <span class='ocrx_word' id='word_1_272' title='bbox 863 2655 894 2694; x_wconf 85' lang='lat' dir='ltr'>ss</span> <span class='ocrx_word' id='word_1_273' title='bbox 904 2639 975 2700; x_wconf 89' lang='lat' dir='ltr'>ode·</span> 
     </span>
     <span class='ocr_line' id='line_1_37' title="bbox 166 2703 973 2781; baseline 0.009 -25"><span class='ocrx_word' id='word_1_274' title='bbox 166 2703 224 2758; x_wconf 85' lang='lat' dir='ltr'>rint</span> <span class='ocrx_word' id='word_1_275' title='bbox 234 2705 328 2762; x_wconf 86' lang='lat' dir='ltr'>olores</span> <span class='ocrx_word' id='word_1_276' title='bbox 339 2714 368 2762; x_wconf 91' lang='lat' dir='ltr'>et</span> <span class='ocrx_word' id='word_1_277' title='bbox 379 2708 503 2778; x_wconf 79' lang='lat' dir='ltr'>equilus,</span> <span class='ocrx_word' id='word_1_278' title='bbox 524 2721 623 2766; x_wconf 70' lang='lat' dir='ltr'>coritis</span> <span class='ocrx_word' id='word_1_279' title='bbox 639 2705 806 2781; x_wconf 80' lang='lat' dir='ltr'>etbhlorio,</span> <span class='ocrx_word' id='word_1_280' title='bbox 831 2709 973 2766; x_wconf 82' lang='lat' dir='ltr'>uoruixet</span> 
     </span>
    </p>
   </div>
   <div class='ocr_carea' id='block_1_10' title="bbox 0 0 1098 3258">
    <p class='ocr_par' dir='ltr' id='par_1_10' title="bbox 0 0 1098 3258">
     <span class='ocr_line' id='line_1_38' title="bbox 0 0 1098 3258; baseline 0 1"><span class='ocrx_word' id='word_1_281' title='bbox 0 0 1098 3258; x_wconf 95' lang='lat' dir='ltr'> </span> 
     </span>
    </p>
   </div>
  </div>
 </body>
</html>
