2172 3238
198 235 266 294 bii
445 227 822 287 unlsmlnorun

216 329 1016 408 nisiquodille,rnlerctartiiex,nihilronl'alladiseos·
1065 355 1066 378 n

216 411 281 462 silio
293 409 409 476 agebat,
430 405 599 523 nimiumffiue
611 403 746 470 sopiebat,
765 417 783 452 a
799 408 918 454 naturae
929 401 1016 454 ductu

202 481 299 548 'qnam
312 476 474 542 longissime
485 489 547 526 rece
569 472 638 525 ens!
656 471 692 523 Ut
701 471 788 540 igitur
796 471 870 522 inter
882 472 1015 523 mortales

217 547 241 600 ii
250 545 413 612 longissime
423 544 522 606 absunt
531 557 549 593 a
559 541 712 603 felicitate,
733 539 779 606 qui
790 540 948 604 sapientiae
957 547 1014 590 stu·

219 615 293 676 dent,
303 610 495 665 nimirum‘hoo
503 612 563 678 ipso
573 611 617 664 bis
628 610 719 672 stum,
727 607 808 676 quud,
819 605 947 660 homines
956 611 1016 659 nati

133 729 138 747 ,
221 697 304 754 quum
316 685 386 746 sint,
407 689 514 743 tumen,
534 679 614 731 obliti
635 677 801 730 conditionis
812 691 889 739 sune,
900 676 1014 729 deorum
1065 679 1066 730 ἶ

219 752 416 806 immortalium
429 749 512 800 vitam
523 747 673 810 affectant,
686 755 715 807 et
725 748 866 814 gigantum
878 746 1015 813 exemplo,

221 822 430 888 disciplinarum
450 815 600 878 machinis,
623 824 740 868 naturae
761 815 861 868 bellum
881 805 1015 877 inierunt,

220 885 264 944 i'ta
275 903 354 957 quam
366 885 580 939 minime-miseri
588 885 716 937 videntur
727 884 756 946 ii,
766 885 812 952 qui
824 884 858 936 ad
869 885 1018 937 brutorum

220 959 362 1026 ingenium
374 955 518 1008 stultitiam
538 969 573 1006 ue
585 957 802 1022 quamproxime
813 953 958 1016 accedunt,
972 970 1018 1006 ne·

222 1041 276 1096 que
290 1028 434 1095 quiequam
445 1026 520 1077 ultra
550 1025 667 1075 ominem
678 1023 839 1074 moliuntur.
867 1023 924 1090 Age
938 1037 1019 1090 espe-

182 1145 184 1152 .
224 1100 335 1161 demur,
356 1111 420 1147 num
432 1094 485 1162 boe
496 1091 784 1162 quoquenonstoieis
795 1091 1020 1160 enthymematis,
1065 1079 1066 1132 l

222 1165 272 1218 sed
292 1181 385 1217 crasso
407 1163 535 1232 quopiam
556 1162 683 1230 exemplo
703 1175 845 1230 queamus
861 1161 1019 1214 ostendere.
1065 1157 1066 1176 ¹

222 1227 262 1290 Ac
272 1248 321 1301 per
332 1234 401 1285 deos
410 1231 592 1295 immortales,
602 1239 678 1283 estne
689 1231 832 1298 quicquam
843 1227 954 1282 felicius
966 1234 1020 1282 isto

224 1301 364 1356 bominum
377 1317 486 1368 genere,
508 1317 576 1368 quos
588 1301 672 1370 vulgo
683 1299 830 1362 moriones,
850 1300 963 1362 stultos,
980 1300 1018 1350 in·

225 1377 298 1434 tuos,
307 1365 340 1421 no
350 1371 451 1422 blitcos
463 1369 613 1438 appellant,
634 1367 835 1436 pulcherrimis,
851 1373 882 1418 ut
893 1365 1018 1434 equidem

227 1441 353 1508 opinor,
366 1438 597 1506 cognominibusl
632 1440 698 1489 ltem
720 1436 808 1489 dicam
826 1436 1019 1502 priniaiiunto

226 1509 340 1562 stultam
352 1507 482 1560 fortassis
493 1515 575 1576 atmre
591 1507 755 1568 absurdam,
773 1505 822 1556 scd
833 1513 929 1558 tomen
939 1515 1016 1558 unani
1065 1555 1066 1560 ,

227 1578 317 1631 multo
335 1578 518 1630 verissimam.
553 1575 698 1644 Principio,
712 1581 811 1626 vacant
822 1575 928 1626 ‘mortis
937 1583 1018 1637 metu,

205 1660 207 1666 ’
225 1661 280 1699 nun
292 1647 425 1698 mediocri
438 1645 586 1714 perior-em
600 1647 682 1698 nralo.
717 1643 824 1696 Vocant
835 1645 1019 1696 conscientiae

227 1716 395 1768 earnificina.
436 1715 498 1768 Non
510 1712 801 1768 territanturmauium
815 1711 1018 1766 tabulamentis.

226 1783 288 1838 Non
311 1789 496 1850 expavescunt
518 1785 636 1850 spectris
657 1799 689 1835 ac
708 1781 867 1844 lemuribus,
888 1799 947 1834 nou
964 1791 1019 1834 tor·

227 1857 428 1920 quenturmetu
439 1852 655 1924 impendentium
667 1851 810 1912 malorum,
823 1866 936 1918 nouspe
951 1851 1020 1904 iutu-

226 1935 322 1973 rurum-
331 1920 465 1971 bonorum
477 1920 684 1975 distenduntur.
721 1921 750 1972 ln
762 1935 942 1981 summmnon
955 1921 1031 1974 dila·'
1065 1915 1066 1936 ¹

227 1995 359 2042 rorantur
366 1987 490 2040 millibus
501 1989 746 2058 curar·unr,quibus
757 1989 893 2040 baccrita
904 1989 1021 2060 obnoxia

156 2081 161 2096 ι
227 2065 279 2108 est.
302 2056 362 2109 Non
373 2058 597 2124 pudescunt,non
610 2058 958 2121 verentonnonumbiunt,
970 2075 1024 2110 non
1065 2111 1066 2118 χ

227 2125 368 2190 invident,
384 2142 439 2179 non
451 2133 554 2194 amant.
589 2127 715 2196 Denique
727 2127 752 2179 si
762 2127 876 2194 propius
888 2129 972 2178 etiam
987 2125 1020 2178 ad
1065 2127 1066 2182 l

228 2195 376 2248 brutorum
388 2195 565 2246 animantium
583 2197 773 2264 insipientiam
783 2196 969 2257 accesserint,
990 2212 1020 2247 ne
1065 2199 1066 2260 j

229 2272 345 2332 peccant
356 2265 465 2332 pridem
478 2265 638 2317 auctorssius
649 2265 794 2332 tbiologis.
821 2265 877 2316 llic
891 2263 957 2318 mibi
968 2266 1020 2320 iam

230 2334 370 2400 expendas
380 2332 479 2393 celim,
501 2333 666 2391 stultissime
677 2335 809 2401 sopiens,
826 2341 895 2400 quot
906 2333 1020 2400 undique
1065 2321 1066 2406 l

228 2403 452 2462 solicitudinibus
473 2408 568 2464 poetes
587 2401 702 2472 diesque
721 2402 906 2455 discrucietur
919 2406 1022 2454 amotus
1065 2415 1066 2428 ³

113 2478 148 2524 ’.
228 2477 302 2522 tuus.
324 2475 464 2538 (iungeres
475 2469 503 2520 iu
514 2485 595 2522 unum
607 2487 732 2524 acervum
743 2471 1023 2524 univcrsaritaetuue
1065 2437 1066 2522 l

230 2537 414 2600 incommoda,
424 2541 556 2604 atquelta
565 2537 674 2592 demum
687 2540 837 2606 intelliges,
848 2538 959 2606 quomis
970 2555 1020 2592 ma·

231 2605 267 2656 lis
279 2621 357 2657 meos
367 2609 458 2658 fatuos
467 2605 656 2659 submiserim.
671 2607 822 2670 Addebam,
833 2609 909 2674 quod
919 2625 972 2660 non
983 2623 1021 2660 so·

179 2703 183 2708 -
231 2671 287 2722 lum
296 2673 351 2738 ipsi
361 2673 630 2742 perpetuogaudent,
643 2675 748 2740 ludunt,
760 2677 916 2740 camillani,
926 2678 1023 2737 rident,

233 2753 327 2791 rernm
346 2742 1023 2814 etiamcetcrisemmbsuqmeusquesesererte
1065 2793 1066 2808 ,

1065 2829 1066 2862 l
