2172 3238
165 281 168 290 ’
235 307 291 376 too
407 297 629 374 *uorsus
656 313 830 372 norun

235 421 413 486 absolutior,
432 419 487 474 hoo
501 419 583 472 soror
594 422 638 473 est
652 421 742 474 maior
755 435 789 472 se
806 417 927 474 felicior.
951 419 1043 490 Ergo
1062 431 1063 436 ’

235 506 374 562 quaenam
386 491 483 544 futura
493 485 537 543 est
547 489 599 542 iila
609 490 743 556 coelitum
753 493 820 555 rita,
835 491 871 543 ad
883 505 967 558 quam
977 493 1042 559 piae

235 569 345 616 mentes
356 568 436 614 tonto
446 561 543 612 studio
555 561 717 634 suspiranti
749 559 855 628 Nempe
867 561 983 628 spiritus
994 562 1042 614 ab·
1062 585 1063 626 r

236 631 365 694 sorbebit
385 644 505 698 eorpus,
526 634 623 697 utpote
644 633 736 682 vietor
755 645 788 682 ae
805 629 916 684 fortior.
952 631 1041 698 ldque
1062 629 1063 694 Ξ

235 697 290 756 hoo
305 701 391 754 faciet
406 699 539 766 facilius,
562 700 665 766 purtim
685 699 831 768 quodiam
844 697 922 752 olim'
933 699 964 750 iu
979 701 1040 752 rita
1062 695 1063 724 ³

237 779 339 838 eorpus
354 771 390 824 ad
409 768 570 826 huiusmodi
585 769 864 836 transformationem
879 769 1041 835 repurgarit
1062 795 1063 800 κ

235 831 322 909 atque
334 839 506 893 extenuarit:
530 839 630 890 deinde
640 839 760 906 spiritus
771 855 789 890 a
800 843 893 891 merite
905 839 958 890 illa
968 851 1041 890 sum.
1062 855 1063 900 j

234 922 282 963 ma
291 912 362 964 mire
374 909 589 972 absorbebitur,
611 911 713 978 quippe
725 909 841 960 infinitis
853 909 980 974 partibus
991 921 1042 975 po·

234 981 370 1034 tentione:
406 981 448 1033 ito
464 985 497 1032 ut
515 979 572 1032 iam
588 985 667 1032 totus
682 977 765 1033 homo
777 983 863 1030 -estra
876 993 907 1030 se
929 976 1042 1030 iuturus
1062 985 1063 1026 l

171 1113 177 1118 ,
235 1049 290 1112 sit,
313 1065 364 1104 neo
375 1050 433 1103 alia
448 1051 559 1102 ratione
576 1047 646 1102 felix
663 1047 787 1111 iuturus,
799 1047 854 1099 nisi
864 1047 949 1115 quod,
960 1053 1041 1100 extra
1060 1031 1063 1082 ⁴

235 1133 298 1172 sese
308 1121 436 1188 positus,
456 1119 583 1188 patietur
595 1119 726 1188 quiddam
743 1116 884 1172 ineffabile
903 1131 1040 1170 osummu

234 1189 288 1242 illo
300 1192 385 1253 bono,
404 1191 498 1242 omnia
509 1192 537 1241 in
549 1205 579 1242 se
593 1191 729 1257 rapiente.
765 1189 823 1240 lam
834 1185 905 1241 huso
916 1187 1041 1241 felicitas
1062 1237 1063 1242 ,

236 1273 394 1328 quanquam
405 1266 464 1311 tum
475 1258 585 1312 demum
596 1257 723 1328 perfecta
734 1259 880 1326 contingit,
887 1273 972 1326 quum
984 1259 1043 1310 ani·

234 1329 276 1382 mi
286 1332 406 1397 receptio
417 1329 544 1396 pristinis
553 1331 719 1398 corporibus
730 1327 945 1380 immortalitate
956 1327 1041 1380 dona·

229 1397 357 1461 buntur,
377 1405 472 1452 tamen
484 1401 613 1468 quoniam
625 1401 735 1468 piorum
744 1399 805 1452 rita
815 1398 886 1450 nihil
896 1397 977 1450 aliud
989 1403 1041 1461 eet,

234 1481 316 1592 quam
327 1469 402 1520 illius
412 1470 488 1522 vitae
499 1467 645 1522 meditatio
657 1487 689 1523 ae
698 1467 776 1523 uelut
784 1469 883 1520 umbra
894 1469 1041 1536 quaedum,

257 1543 281 1602 t,
301 1545 333 1591 ut
343 1540 460 1608 praemii
478 1554 589 1607 quoque
605 1540 682 1592 illius
698 1537 848 1608 aliquando
865 1544 982 1608 gustum
994 1542 1041 1589 aut

234 1607 358 1661 odorem
366 1609 488 1677 aliquem
501 1613 633 1663 sentiant.
664 1611 700 1662 ld
716 1609 831 1662 temetsi
849 1608 1041 1666 minutissima

233 1678 370 1745 quaedam
381 1680 489 1734 stillula
504 1681 598 1734 estod
613 1680 817 1741 fontem'illum
834 1685 969 1748 aeternae
980 1677 1042 1731 feli·

233 1747 345 1811 citatis,
367 1746 460 1802 tamen
475 1749 560 1820 longe
574 1752 841 1820 superatuuiuersas
856 1745 988 1816 corporis
998 1761 1042 1799 ru·

231 1815 366 1884 luptutea,
387 1819 497 1872 etiamsi
509 1835 605 1876 omnes
617 1822 738 1874 omnium
749 1819 910 1873 mortalium
923 1817 1042 1868 deliciae

230 1883 263 1936 in
273 1901 357 1937 unum
369 1888 564 1955 conferuntur,
585 1907 673 1962 usque
687 1892 757 1946 adeo
772 1891 919 1954 praestant
930 1889 1042 1953 spirita·

231 1953 275 2007 lis
285 1957 493 2022 corporalibus,
513 1961 669 2016 invisibilia
683 1957 851 2010 visibilibus.
885 1955 1063 2018 lloonimi-1

229 2037 295 2080 rum
306 2032 349 2078 est
359 2028 434 2094 quod
445 2028 600 2094 pollicetur
608 2027 760 2096 prophetae
782 2023 886 2089 Oculus
896 2043 952 2079 non
962 2025 1042 2089 uidit,
1062 2019 1063 2032 ¹

230 2109 282 2152 nee
301 2095 377 2148 auris
397 2094 584 2161 audiuimus·
602 2096 827 2152 interliminio
845 2097 1039 2158 ascenderunt,

221 2167 302 2235 'quae
312 2166 494 2234 praeparauit
504 2165 583 2220 Deus
599 2167 776 2239 diligentibus
789 2180 825 2219 se.
840 2213 844 2217 .
860 2166 957 2235 Atque
973 2165 1041 2219 liaeo
1062 2183 1063 2200 ἢ

232 2240 278 2287 est
288 2233 400 2287 Moriae
410 2249 491 2302 pars,
501 2249 584 2302 quas
600 2251 656 2288 uon
672 2237 802 2290 aufertur
817 2237 1039 2289 commutatione

229 2303 324 2366 vitae,
346 2303 396 2356 sed
406 2304 558 2370 perficitur.
593 2305 658 2358 lloo
671 2307 759 2375 igitur
774 2306 874 2374 quibus
890 2305 998 2358 sentire
1008 2305 1040 2356 li-

231 2373 299 2435 ouit,
321 2372 472 2442 (contingit
483 2379 577 2426 autem
589 2377 755 2442 perpaucis)
772 2377 793 2432 ii
803 2377 954 2442 patiuntur
965 2375 1040 2444 quid·
1062 2421 1063 2424 ,

224 2441 298 2514 „uam
319 2441 478 2496 dementiae
497 2443 675 2496 simillimum
687 2462 705 2510 ς,
726 2446 882 2512 loquuntur
901 2446 1042 2514 quaedam
1062 2463 1063 2480 ¹

205 2517 208 2522 '
230 2509 575 2576 nonsatisoohaerentia,
595 2513 778 2567 uoehumano
792 2529 886 2578 more,
907 2515 961 2568 sed
971 2515 1043 2566 dant
1062 2539 1063 2572 r

231 2579 293 2631 sine
309 2585 402 2632 mente
418 2595 532 2646 sonum,
552 2583 654 2636 deinde
671 2582 791 2637 subinde
805 2589 897 2652 totam
910 2585 1042 2652 oris-spe·
1062 2579 1063 2590 ¹

232 2647 306 2698 ciem
316 2655 443 2713 termut,
463 2665 538 2702 nune
548 2650 670 2716 maeres,
692 2668 766 2705 nuno
775 2653 895 2717 deiecti,
916 2653 1063 2706 nuntia-³

183 2721 187 2729 “
228 2723 369 2798 erymant,
390 2734 469 2787 nuno,
483 2719 585 2784 rident,
605 2732 682 2774 nune
698 2723 850 2790 suspirant,
869 2725 900 2776 in
921 2691 1063 2785 summai

229 2795 296 2834 rere
306 2789 361 2836 tots
372 2791 453 2839 extra
467 2803 499 2842 se
516 2795 588 2841 sunt.
624 2791 694 2845 Mox
711 2794 760 2850 ubi
773 2793 809 2844 ud
820 2808 883 2848 sese
890 2795 1043 2852 redierint

229 2857 333 2916 negent
349 2868 380 2906 se
394 2856 469 2908 seira
482 2856 532 2910 ubi
547 2856 669 2926 fuerint,
689 2867 783 2940 utrum
796 2863 830 2924 ¹iu
843 2879 968 2936 corpore
976 2904 986 2932 ,
1007 2883 1041 2920 un
