2186 3258
248 210 250 220 ’
357 251 605 310 Pronurus.
829 249 882 308 22⁷

80 369 138 408 ram
150 367 211 407 essa
222 354 406 418 levissimam,
417 371 487 424 quae
497 355 646 424 plurimum
657 352 742 408 habat
751 354 825 422 ignis
835 362 886 408 aut

13 403 17 488 J
82 424 330 484 airisadmixtunn:
342 441 404 478 raam
416 438 515 492 aquam
527 441 588 478 ossa
600 425 802 493 gravissimum,
813 433 890 493 quas·

83 495 238 562 graviorem
252 501 355 546 terram
366 492 452 548 habet
462 495 612 546 admixtam
621 509 628 556 3
637 493 746 560 qualem
763 493 887 546 arbitror

29 607 36 614 .
84 577 144 616 asso
154 563 299 625 marinam,
310 568 339 615 st
349 579 410 616 oum
422 563 495 615 unde
506 563 653 626 coulipitur
663 561 719 613 sal:
732 562 827 615 itidem
838 566 887 616 air

13 639 14 646 ’
84 646 172 699 aquae
183 637 311 684 terraeve
321 633 478 699 proximus,
491 633 604 699 gravior
614 638 671 694 est,
681 637 731 682 sut
742 638 818 683 carta
834 631 885 682 mi-

84 717 133 753 nus
143 701 214 753 levis
225 707 277 763 est,
288 710 321 753 eo
333 701 380 770 qul
392 702 489 769 procul
497 703 576 754 abest
588 716 605 753 a
615 706 700 753 terra.
728 714 771 752 cu.
790 700 886 753 Utrum

83 769 167 822 habet
176 770 238 837 plus
250 775 378 824 terrenae
389 777 514 834 naturae,
525 771 604 838 lapis,
614 785 649 822 nn
660 769 818 837 plumbum!
841 784 887 824 nn.

83 839 181 908 Lapis.
218 853 262 904 ou.
272 840 311 890 Et
321 845 414 892 tamen
429 840 576 908 plumbum
597 839 691 907 lupide
712 841 829 909 gravius„
844 846 888 891 sss

82 923 135 1030 pro
146 907 258 960 ratione
267 909 415 975 portionis.
451 923 496 965 nn.
517 911 548 962 ln
564 924 664 961 caussa
684 917 727 962 nst
750 908 887 962 densitas:
961 917 967 929 “

98 977 159 1045 apis
169 977 242 1029 anius
252 978 343 1036 rarior
353 984 409 1041 ast,
428 993 516 1046 suque
528 978 684 1047 plushabot
701 979 786 1042 airis,
803 991 885 1044 quarn

85 1047 240 1116 plumbum.
265 1049 343 1100 ‹llioo
354 1054 398 1100 ast
409 1047 484 1116 quod
495 1048 630 1114 ridemus,
643 1047 779 1115 quoddam
791 1053 885 1102 torrae

84 1115 365 1184 gonrnsdasicsatum,
380 1119 404 1169 si
415 1117 620 1170 coniiciaturin
634 1132 747 1185 aquam,
757 1131 811 1194 nqn
821 1116 886 1168 sub·
977 1127 979 1132 ’

85 1185 193 1249 sidera,
213 1186 263 1238 ssd
273 1191 387 1241 natura:
410 1187 507 1240 'eadam
519 1188 554 1240 de
565 1202 663 1239 caussa
672 1187 797 1240 sidamus
809 1193 884 1250 totos

84 1270 168 1326 agros
189 1261 330 1311 natantes:
350 1257 521 1309 sustinentur
542 1260 616 1308 onim
641 1258 724 1310 ensis.
742 1255 884 1309 radicibus

84 1324 252 1380 arundinum
268 1326 441 1393 aliarumque
457 1326 623 1396 palustrium
641 1325 793 1380 herborum
810 1327 885 1378 inter

44 1423 50 1430 .
83 1411 116 1448 ss
126 1395 267 1448 connexis.
296 1411 340 1450 ou.
355 1396 431 1449 llius
442 1395 570 1449 fortassis
582 1397 762 1463 etpumioum
776 1395 887 1448 levitas.
977 1448 982 1466 Ι

84 1479 129 1518 so.
141 1463 215 1527 Quis
234 1464 310 1532 ploni
322 1466 449 1519 cavernis
465 1471 541 1527 sunt,
562 1472 709 1532 praeterea
722 1465 811 1516 multo
826 1463 887 1531 igni

85 1533 210 1586 decoctis
223 1535 424 1588 submittuntur
437 1535 510 1588 anim
525 1536 620 1588 olonis
635 1534 805 1586 ardentibus.
841 1546 886 1584 cu.

83 1601 163 1656 Unda
174 1609 253 1656 sunta
264 1605 372 1658 suberis
383 1605 500 1659 laritasi
530 1619 575 1657 nn.
587 1607 648 1658 lam
659 1605 763 1656 dictum
775 1606 831 1666 est;
842 1616 886 1654 ra-

83 1672 232 1726 ritasanim
240 1674 269 1724 in
275 1687 375 1727 caussa
381 1681 432 1728 ast.
451 1673 604 1728 colluam
616 1680 659 1727 est
667 1675 790 1743 gravius,
798 1672 887 1740 plum·

83 1743 343 1806 bum‚·aaaurnml
378 1759 425 1796 nn.
442 1748 558 1807 hurum,
576 1744 682 1811 opinor.
719 1757 764 1797 cu.
779 1745 885 1794 Aurum

83 1818 178 1866 moran
187 1812 410 1866 vidntur-'habore
419 1814 483 1882 plus
494 1813 592 1880 igneae
604 1819 729 1868 naturus.
754 1824 800 1864 nr..
811 1810 886 1874 Quia

82 1881 276 1936 nooturaluli
298 1883 440 1946 nlslucet,
461 1883 545 1936 utait
559 1881 703 1936 Pindarus.
740 1895 786 1934 ou.
805 1879 885 1934 seio-
910 1897 912 1905 *
967 1917 994 1940 ,.

84 1956 140 2006 oet.
174 1966 219 2005 sn.
232 1949 268 2005 Se
298 1952 420 2006 densitas
435 1953 464 2004 in
478 1963 547 2005 suro
563 1953 661 2006 maior.
698 1967 743 2005 cn.
761 1951 841 2003 Unda
853 1947 886 2002 id

83 2019 318 2089 deprehenditur!
346 2021 886 2090 nnllespondebuntaurilioas3nouss-
976 2051 979 2059 ·

82 2097 275 2161 gentum·,nae
285 2092 445 2160 plumbum,
457 2107 566 2145 nenses
576 2093 723 2162 cyprium,
733 2106 784 2143 neo
795 2088 885 2143 ullum

81 2160 175 2214 simile
183 2175 274 2230 genus
289 2162 375 2215 latius
391 2162 531 2214 diducitur
540 2163 657 2227 malleo,
676 2175 766 2230 quam·
779 2172 887 2210 aurum.
979 2192 986 2211 s

82 2230 190 2283 Eadem
201 2231 310 2284 rationo
320 2231 478 2300 philosophi
490 2230 738 2298 deprehenderunt,
748 2227 817 2279 nihil
824 2241 886 2280 esse

81 2299 218 2368 liquidius
229 2301 352 2354 mallosi
363 2299 439 2356 dlso':
452 2301 523 2370 qnod
535 2302 560 2353 si
589 2303 632 2353 uis
643 2301 711 2352 haus
725 2297 886 2350 inunctione

82 2369 199 2438 dilatat,
215 2376 244 2424 et
254 2370 393 2424 latissima
404 2370 570 2423 diffunditur
605 2383 699 2430 umor,
718 2373 746 2420 al
758 2365 887 2418 elucescit

80 2440 181 2492 sarius.
218 2455 262 2493 co.
272 2433 331 2492 Sed
341 2447 434 2492 utrum
446 2441 559 2509 gravius
570 2445 621 2504 ost,
635 2439 736 2500 olaum,
747 2450 781 2487 an
797 2433 886 2501 aquai
910 2443 915 2453 ⁴
956 2445 961 2452 ·

80 2523 125 2561 sn.
137 2507 169 2562 Si
179 2507 214 2560 da
226 2509 290 2564 oleo
300 2509 352 2562 lini
363 2510 498 2578 loquoris,
511 2510 631 2576 arbitror
642 2507 734 2558 oleum
747 2519 808 2557 esso
820 2517 884 2572 gra·

52 2579 55 2586 ’
78 2577 153 2629 rius.
190 2591 233 2630 cu.
252 2581 309 2632 cur
322 2579 407 2647 igitur
422 2593 512 2648 aquas
527 2581 688 2648 supernatat
699 2573 804 2626 olouml
840 2587 887 2625 sn.

56 2642 58 2652 '
77 2645 197 2700 Levita·
205 2661 261 2700 non
272 2653 315 2700 est
326 2648 355 2700 in
367 2663 474 2714 caussa,
482 2647 531 2700 sed
541 2649 625 2718 ignca
636 2645 693 2698 olai
701 2650 814 2707 natura,
825 2649 885 2696 tum
974 2691 980 2704 ,

78 2715 230 2784 peculiaris
242 2717 363 2769 omnium
377 2718 524 2786 pinguium
535 2723 575 2770 vis
588 2719 622 2770 ab
634 2730 707 2784 aqua
718 2713 884 2774 abhorrens,

78 2787 244 2856 quassatio
256 2784 676 2908 borbaqusodiuiturdaorsopn·²
685 2783 885 2854 cucurigltur
