2186 3258
321 181 636 282 nronosnrr'cn.
829 193 905 284 ιιι

76 328 199 386 merenti
209 317 376 384 calumniam
387 328 523 392 intendit,
544 329 604 381 utri
618 343 671 397 per
679 334 723 382 eat
732 329 884 401 imputare,
975 353 977 360 ·

76 401 141 456 iure
153 401 321 470 deponenti,
343 399 417 470 quod
429 413 582 468 agnoscere
598 413 655 450 non
666 398 764 462 debet,
785 417 820 453 an
831 417 884 470 per

76 471 211 525 iniuriam
226 469 402 524 intendentii
437 469 469 522 si
482 470 545 537 quis
564 471 705 520 affirmans
717 470 803 522 asinis
820 487 884 526 esse

77 540 139 592 elas
149 540 178 592 in
188 541 354 603 Brnbantia,
365 539 519 594 ridereturt
538 553 629 590 nonne
644 543 704 606 ipse
716 537 804 596 tacius
814 540 884 592 ridi-
928 549 932 554 '

79 609 190 664 columi
207 611 317 664 clamat
328 615 419 663 toturn
430 606 586 661 Lutherum
598 619 660 662 esse
670 609 699 660 in
711 608 793 662 libris
803 610 884 676 meis,
937 663 941 668 ,

12 743 13 750 ¹
52 685 54 689 ’
78 679 304 750 omnisundique
320 685 429 732 scatere
446 677 595 731 haereticis
613 677 766 732 erroribus.
803 680 884 733 cete·
904 729 906 734 .

12 767 14 802 l
77 755 139 803 tum
150 750 208 813 ubi,
221 751 268 818 qui
278 765 342 804 mea
353 750 459 818 legunt,
470 747 540 802 nihil
550 748 610 802 tale
621 748 775 817 reperiunt,
787 748 884 803 eiiam·

76 819 103 872 si
113 819 292 882 dialecticam
302 820 444 884 nesciant,
456 824 550 876 tamen
560 817 645 872 facile
657 817 797 886 colligunt
809 815 885 886 quod
989 877 991 882 .

77 875 265 956 ionsequitur.
301 891 396 946 Habet
410 891 610 950 auctoritatem
627 905 645 941 a
661 889 794 944 caesare:
823 901 885 943 rem

75 959 168 1028 igitur
177 965 258 1027 gerat
269 975 303 1013 ex
315 961 409 1014 animo
420 960 565 1024 caesaria,
588 959 636 1026 qui
645 963 779 1011 nocentes
790 953 886 1010 sanari

77 1027 278 1099 marultqnam
290 1031 396 1098 puniri:
419 1035 495 1082 certe
511 1029 644 1092 innoxios
660 1027 737 1080 laedi
747 1041 804 1078 non
814 1026 886 1080 vuli.
945 1039 947 1045 '

76 1097 260 1152 Concredidit
270 1098 322 1153 hoc
333 1100 456 1152 muneris
468 1099 581 1166 ignoto:
599 1096 648 1150 ubi
655 1095 784 1149 rescierit
795 1095 887 1163 qualis

76 1169 116 1220 sit
127 1166 231 1233 homo,
253 1169 368 1230 dubium
378 1174 496 1230 nonest,
508 1167 583 1235 quin,
603 1166 677 1233 quod
687 1165 827 1227 credidit,
848 1164 888 1220 sii

76 1238 262 1305 repetiturus.
297 1239 357 1292 Nec
365 1238 495 1292 Caesaris
505 1235 662 1300 mitissimi,
681 1234 902 1303 necpuntidcis·

69 1307 256 1374 ,integerrimi
266 1322 345 1361 meus
357 1315 413 1369 eet,
432 1313 479 1367 ut,
500 1305 617 1371 quisuis
627 1304 731 1374 vigiliis
742 1309 773 1357 et
783 1317 887 1360 ornare

77 1377 197 1430 student
209 1384 238 1429 et
249 1377 346 1430 iuvere
363 1373 566 1441 rempublicam
578 1411 587 1438 ,
607 1374 747 1428 dedantur
758 1373 831 1430 odiis
839 1379 885 1428 ta-

76 1443 163 1499 lium:
185 1445 297 1500 etiamsi
317 1445 384 1515 quid
400 1443 512 1496 humani
527 1444 622 1509 lapsus
643 1450 726 1498 esset.
762 1446 887 1501 Tantum

77 1516 176 1578 abest,
195 1519 228 1568 ut
236 1516 325 1568 bonos
337 1522 367 1570 et
376 1515 502 1582 integros
512 1514 601 1568 velint
612 1511 746 1580 alienari,
764 1517 793 1568 et
803 1515 833 1570 in
845 1511 887 1566 di·

77 1599 191 1644 versem
202 1593 310 1653 partem
320 1585 458 1654 protrudi.
850 1621 852 1626 .

141 1655 222 1709 llaec
234 1658 325 1725 magia
335 1655 435 1709 advos
447 1655 597 1723 pertinent,
609 1667 690 1722 quam
702 1651 739 1710 ad
750 1668 804 1714 me.
815 1651 888 1706 Nem

77 1724 163 1780 huiua
173 1740 266 1780 mores
276 1727 395 1780 multum
411 1724 557 1778 dedecoris
571 1724 726 1781 conciliant
737 1723 830 1783 ordini
841 1739 888 1776 se·

78 1801 154 1858 etro,
175 1794 240 1848 dum
251 1797 353 1866 vulgus
368 1812 404 1851 ex
419 1793 472 1853 hoc
486 1811 543 1848 unc
558 1795 609 1848 vde
625 1809 722 1847 omnes
740 1794 887 1850 aestimat:
908 1839 912 1852 ,
989 1795 993 1810 ’

77 1864 327 1934 iniuriaquidenr,
348 1867 456 1932 inte0r3
479 1865 527 1918 sed
543 1863 814 1918 sicaunthominum
824 1877 886 1914 mu·
946 1882 949 1890 ¹

76 1947 145 2000 res3
168 1950 257 2004 neque
267 1948 372 2006 paucae
384 1954 401 1991 a
411 1935 572 2004 theologiae
582 1933 676 1988 studio
688 1933 794 1986 alienat
803 1932 887 1984 iatius

76 2005 227 2072 asperitat-
273 2007 338 2062 Scio
357 2015 448 2072 totum
469 2004 610 2058 hominem
629 2006 710 2058 vohis
730 2002 889 2072 displicere,
954 2033 958 2040 ι
1060 2019 1065 2028 ·

75 2075 275 2144 praetenues
293 2085 342 2133 aut
353 2083 411 2133 tres
422 2076 619 2138 combibonea,
641 2079 671 2128 et
681 2087 767 2126 unum
778 2077 888 2127 vetera·

76 2151 183 2210 torem,
194 2147 242 2212 qui
251 2149 375 2202 stultitia
384 2147 504 2202 hominis
515 2145 550 2197 ed
561 2159 627 2198 sues
638 2143 809 2212 cupiditates
819 2142 888 2194 ebu-
930 2194 936 2202 ,

76 2213 159 2284 titur.
194 2213 249 2270 Sed
259 2219 301 2270 ite
312 2219 423 2280 denium
433 2215 629 2284 intelligerent
640 2227 745 2274 omues,
759 2224 823 2263 eum
834 2209 885 2268 vde

76 2284 122 2337 bia
132 2299 186 2341 non
196 2287 325 2352 probari,
346 2291 370 2340 ai
381 2291 564 2354 posteaquam
577 2281 703 2342 coerceri
714 2294 769 2332 non
781 2283 886 2348 potest,

77 2353 220 2408 eieceritis
237 2361 368 2426 crepero
383 2354 578 2418 contubernio.
607 2349 811 2413 Difficillimum
824 2346 887 2414 qui-

77 2421 312 2488 demisionem,
333 2429 379 2478 eet
390 2427 459 2477 scio.
495 2421 568 2481 Nam
579 2434 663 2487 aegre
673 2418 747 2471 tales
758 2415 883 2470 evellun-

76 2492 263 2552 turanidore
278 2495 482 2556 conviviorum,
502 2488 683 2552 solemnium,
704 2485 883 2554 opiperorum
912 2545 914 2550 ¹

81 2569 111 2620 et
122 2563 320 2630 gratuitorum.
358 2561 520 2616 Sedtarneu
535 2557 589 2611 hoc
604 2558 728 2624 pertinet
744 2552 883 2626 adhunc·

75 2647 137 2691 rem
148 2633 259 2687 ordinis
267 2633 354 2688 vestri
366 2651 373 2684 ι
394 2633 441 2684 cui
450 2629 553 2682 merito
564 2627 656 2680 faveo.
675 2623 754 2680 Bene
763 2623 865 2679 valete.

233 2699 361 2774 (scriptia
373 2717 454 2766 cunc,
463 2707 495 2753 ut
506 2698 625 2762 videtur,
637 2691 727 2758 1531.)
811 2707 824 2730 ν
