2176 3256
225 217 228 222 .
287 179 323 240 rs
517 152 855 235 'rx‘eronArrm

196 290 200 302 ‘
286 241 1016 351 ncnetdamimpeasereveremurhominemparam

216 387 221 394 ·
266 367 269 376 ‘
285 345 904 418 feriDeum.HonorandusDeusinproximo,
915 369 1016 407 venera

285 424 317 476 in
326 423 468 492 proximor
489 421 540 474 sed
553 420 833 476 interimadhibenda
843 424 950 488 cautio,
963 427 1016 476 nc]

286 507 337 615 per
347 490 418 544 hanc
428 491 605 544 occasionem
614 505 666 543 suo
677 491 825 546 fraudetur
835 491 950 546 honore.
987 505 1016 558 sn

309 577 352 614 cm
365 560 500 626 videmus,
513 561 616 613 multos
631 562 661 612 in
675 567 784 614 tantum
799 561 885 616 iidere
897 563 1016 632 corpora?

287 632 482 694 caeremoniis,
501 629 588 684 uthis
599 630 667 684 freti
677 632 824 702 negligant
835 648 877 696 ea,
887 648 958 701 quac
967 649 1016 684 sun

287 701 468 768 saepietstin,
477 700 536 752 suis
546 701 655 754 meritis
660 702 923 771 arrogantes,qucd
934 703 1016 756 cstdi*

287 771 443 839 largitatis,
464 776 493 824 et
511 771 553 823 ibi
562 771 755 836 consistentes,
770 773 844 825 unde
859 771 963 842 gradus
980 779 1016 823 eri

287 839 470 910 perfectiora,
481 845 511 894 et
521 837 702 894 erhisrebun
713 844 871 908 proximum
882 841 1016 894 calumnia

288 925 360 978 quae
371 925 421 976 per
431 925 462 964 se
472 925 523 966 nec
532 909 625 963 bonae
635 912 876 964 suntmecmalae.
911 925 957 964 nm
978 913 1016 975 Qu

289 979 386 1034 eadem
396 995 516 1048 requam
528 980 583 1032 duo
592 979 659 1043 sint,
671 993 786 1047 quonam
794 981 1010 1033 alterumaltero

195 1053 200 1066 ¹
239 1053 250 1070 Χ
288 1049 421 1115 stantius,
441 1057 550 1118 semper
569 1049 718 1102 deterioris
738 1054 782 1102 est
799 1048 879 1101 nobis
899 1051 1016 1118 potiori

288 1119 408 1186 Corpus,
427 1123 456 1171 et
476 1133 549 1186 quae
567 1118 691 1186 corporis
706 1124 781 1182 eunt,
800 1120 904 1186 ubique
920 1120 1008 1187 pluris

290 1202 374 1257 quam
385 1202 418 1240 ea
428 1202 499 1256 quae
507 1193 573 1240 sont
583 1188 676 1240 animi.
693 1189 731 1241 Et
741 1186 882 1242 hominem
893 1190 1016 1242 occidiso

215 1279 216 1284 ¹
290 1257 372 1330 gravi
382 1256 632 1320 crimineducitur,
654 1263 751 1313 otest:
772 1264 802 1311 at
815 1259 1016 1326 pestiferndod

288 1327 410 1394 vipereis
420 1326 600 1379 instinctibus
611 1328 770 1396 corrupisse
779 1334 900 1389 ruentem
912 1327 1016 1380 homini

178 1429 196 1444 ..
289 1395 341 1450 dus
353 1401 405 1448 est.
441 1395 471 1448 Si
492 1396 626 1460 sacerdos
643 1397 902 1464 aletcapillitium,
921 1403 1016 1452 entre

288 1464 643 1532 wmathominisproiani,
662 1467 809 1534 rapiturin
822 1481 972 1531 carcerem,
993 1483 1016 1518 m

285 1537 418 1606 punitur:
439 1534 464 1586 si
474 1535 550 1586 bibet
565 1535 593 1584 in
604 1534 742 1600 lupanari,
762 1534 788 1586 si
802 1542 958 1601 scor-tetur,
979 1537 1016 1588 si]

269 1612 271 1616 ’
289 1606 395 1667 aleam,
416 1603 442 1655 si
452 1603 534 1656 vitiet
545 1603 651 1655 alienas
663 1615 781 1668 uxores,
798 1603 1016 1674 sinihilattingr

290 1687 357 1729 crae
375 1673 517 1737 lectionis,
537 1678 631 1726 tamen
647 1672 835 1726 columnaest
851 1675 993 1728 ecclesiae.

290 1755 395 1798 ucuso
410 1747 546 1795 mutatam
560 1748 682 1807 vestem,
701 1743 752 1796 sed
767 1759 866 1797 accuso
882 1752 1016 1813 praeposo

288 1811 434 1866 iudicium.
471 1825 512 1865 ss.
528 1812 587 1866 imo
598 1812 623 1864 si
634 1828 687 1866 non
700 1814 842 1883 persolvat
851 1831 967 1884 pensum
981 1831 1016 1882 prr

288 1879 482 1945 horariarum,
502 1889 631 1949 paratum
647 1889 696 1936 est
709 1883 870 1938 anathema:
890 1885 1016 1938 siioener

289 1951 317 2006 si
325 1951 472 2004 simoniam
483 1953 623 2015 admittat,
634 1953 746 2021 impune
756 1959 807 2008 est.
826 1969 873 2008 ns.
884 1953 914 2007 Si
925 1958 987 2024 quis
999 1973 1014 2006 v

290 2019 507 2075 carthusianum
518 2023 601 2076 aliter
610 2027 752 2087 vestitum,
774 2029 990 2091 accrescentem
1003 2025 1016 2078 o

289 2091 353 2155 hus,
375 2106 456 2160 quam
469 2099 721 2161 execratur,·quam
731 2092 835 2166 horret,
852 2109 935 2162 quam
946 2096 1016 2148 time

200 2181 214 2224 2
288 2167 369 2216 terra
380 2160 525 2216 dehiscens
542 2169 570 2216 et
583 2170 771 2233 spectatorem
788 2165 816 2226 et
831 2169 1016 2231 spectatuma

289 2231 369 2286 beati
389 2231 463 2284 idem
475 2234 500 2285 si
510 2233 605 2286 videat
621 2249 683 2286 eom
697 2234 894 2298 temulentum,
913 2233 1015 2287 menda

289 2300 381 2354 serbis
395 2300 540 2355 infamem
555 2303 674 2356 aliorum
686 2303 914 2367 debacchantem,
935 2304 1016 2357 mani]

290 2369 365 2424 dolis
375 2373 563 2440 imponentem
575 2375 653 2425 tenui
662 2373 764 2438 vicino,
774 2389 854 2427 nemo
864 2373 977 2441 perinde
989 2375 1016 2427 ai

288 2446 381 2496 astur·
408 2455 449 2494 ss.
459 2438 557 2494 Veluti
567 2443 591 2495 si
603 2443 663 2510 quis
674 2443 770 2497 videet
779 2441 997 2497 Franciscanum
1010 2459 1016 2496 ι

288 2509 403 2580 cippido
414 2510 547 2575 cinctum,
568 2517 617 2564 out
631 2514 862 2582 Augustincnsem
877 2525 932 2566 non
948 2517 1016 2568 corit

287 2579 354 2635 lana
365 2581 503 2644 cinctum,
522 2585 570 2634 aut
586 2581 751 2636 discinctum
762 2584 955 2650 Carmelitam,
976 2600 1016 2637 nu:

289 2653 366 2702 ctum
382 2647 584 2709 Rhodiensem
612 2666 707 2706 rursus
721 2654 967 2722 sipercalceatum
979 2653 1016 2706 Fr

289 2726 413 2785 suanum
423 2720 1016 2792 ausscnicalceasuncromannnmnaoc
