2186 3258
221 211 274 266 214
483 208 769 266 uarouusus.

224 314 286 366 dam
296 310 325 364 lui
338 311 401 364 dum
416 311 533 364 curiosis
544 313 631 365 oculis
642 313 866 381 contemplantur
878 311 1020 364 admirun-

164 427 168 432 .
225 384 288 434 dum
299 380 353 433 hoc
365 397 444 448 opus,
454 389 593 450 anguntur
604 386 706 447 animo,
731 383 805 450 quod
817 382 968 434 multarum
981 395 1024 434 re·

225 465 286 506 rum
297 466 408 502 caussas
422 466 478 504 nou
489 458 679 518 assequantur.
707 453 737 504 ln
750 450 913 520 quibusdam
927 450 1024 513 stiam,

225 535 274 573 ceu
286 519 383 582 illumi,
394 519 505 586 quidam
518 522 729 573 obmurmurant
739 522 839 588 opifici,
856 535 947 588 neque
958 534 1024 571 raro

225 595 351 642 naturam
363 603 414 656 pro
425 594 514 642 nratrc
533 603 680 642 novercam
693 591 848 657 appellant:
869 587 943 656 quod
954 604 1026 640 con-

224 659 326 710 uicium
335 659 502 710 verbotenus
513 659 623 725 quidem
634 665 761 712 naturam
772 658 847 721 ferit,
856 657 906 710 sed
917 674 948 710 re
958 671 1026 710 vera

224 731 326 780 ineum
347 725 485 779 redundat
506 728 552 794 qui
572 735 701 780 naturum
722 726 856 790 condidit,
879 726 1026 794 siquaest

226 801 337 850 onruino
347 802 455 847 natura.
482 799 518 848 nt
529 795 611 847 homo
622 797 686 861 pius
697 797 837 864 religiosis
848 809 881 847 ac
889 794 1025 863 simplici·

1089 797 1092 866 l

227 870 278 920 bus
289 865 377 918 oculis
388 878 558 932 magnacum
570 865 653 916 enimi
663 865 807 932 voluptate
817 870 924 932 spectat
940 877 1028 932 opera
1091 885 1092 940 q

226 933 341 988 Domini
353 934 558 1003 putrisquesui,
575 933 715 986 demirans
725 935 843 1000 singula,
853 933 923 985 nihil
932 947 1027 1001 repre-

227 1005 359 1066 hendens,
380 1003 428 1056 sed
439 1014 489 1068 pro
501 1003 608 1054 cunctis
619 1004 724 1070 gratius
736 1019 831 1072 agens,
851 1016 934 1069 quum
946 1017 1026 1070 repu-

226 1079 270 1126 tat
277 1108 285 1138 ,
306 1072 479 1124 haecomnia
490 1070 752 1139 propterlromiucm
763 1087 824 1125 esse
836 1071 962 1124 condita:
984 1077 1025 1122 at·

128 1139 133 1153 ’
228 1157 280 1212 quc
297 1142 367 1194 adeo
387 1141 416 1192 in
433 1141 550 1208 singulis
568 1142 767 1210 rebus-adorat
785 1141 1024 1208 omnipotentiam,

227 1210 402 1277 sapientiam,
418 1224 452 1260 ac
461 1211 614 1264 bonitatem
627 1210 790 1275 conditoris,
812 1225 927 1278 quarum
938 1209 1025 1264 vesti·

227 1285 274 1348 giu
284 1279 417 1346 perspicit
428 1280 456 1329 iu
467 1281 550 1332 rebus
560 1281 688 1332 conditis.
723 1281 782 1334 lam
794 1281 866 1348 linge
880 1276 1024 1342 mihi‚esse

228 1349 339 1416 aliquod
354 1347 486 1415 palatium
499 1364 608 1402 revera
622 1350 692 1412 tale,
711 1351 792 1418 quale
807 1347 933 1415 Psychae
944 1349 1025 1414 lingit

226 1419 359 1486 Apuleius
369 1419 402 1480 *),
415 1423 463 1469 aut
474 1418 498 1470 si
511 1418 582 1485 quod
592 1423 672 1486 potes
683 1417 904 1487 magnificentius
914 1417 1025 1486 elegan-

226 1489 353 1557 tiusque:
376 1485 429 1540 huc
440 1486 539 1540 adhibe
551 1487 621 1540 duos
637 1493 825 1555 spectatores,
847 1487 964 1546 alterum
977 1501 1024 1554 pe·

226 1561 366 1626 regrinum
374 1593 382 1622 ,
405 1557 454 1625 qui
472 1563 582 1608 tanturn
593 1557 700 1610 visendi
711 1571 811 1610 caussa
825 1556 946 1621 venerit3
956 1557 1025 1608 ulte·

219 1643 289 1680 ,rum
301 1641 408 1680 seruum
421 1631 468 1678 eut
479 1626 567 1677 tilium
580 1627 650 1688 cius,
660 1627 708 1694 qui
719 1624 938 1686 construxit-hoc
949 1625 1023 1677 aedi·

226 1697 334 1760 licium3
361 1701 424 1748 uter
444 1695 596 1762 impensius
617 1693 819 1749 delectabiturl
837 1694 941 1761 hospes
962 1693 1018 1755 ille,

228 1764 263 1817 ad
275 1779 354 1831 quem
366 1764 416 1815 illa
424 1763 524 1832 domus
536 1763 605 1816 nihil
617 1757 726 1829 attinet,
747 1781 781 1816 an
792 1764 873 1826 filius,
886 1763 932 1831 qui
941 1765 1022 1815 caris·

228 1833 291 1884 simi
303 1833 391 1900 patris
402 1834 550 1901 ingenium,
567 1848 633 1900 opes
645 1849 678 1886 ac
688 1833 922 1902 magnificentiam
933 1832 962 1884 in
975 1847 1019 1884 ue·

228 1903 317 1954 dificia
329 1917 428 1972 nragua
439 1918 499 1954 cum
511 1903 652 1968 voluptate
663 1892 836 1970 speculatum
854 1905 1021 1969 pracsertim

228 1986 310 2038 qunm
322 1973 441 2042 cogitat,
463 1977 552 2024 totum
565 1969 618 2024 hoc
633 1987 707 2040 opus
715 1973 804 2039 ipsius
815 1973 907 2040 gratia
919 1971 1021 2024 iactum
1061 2023 1064 2030 ,

229 2055 288 2093 esse
296 2039 322 2092 l:
345 2056 384 2093 sa.
397 2041 593 2094 Percunctatio
604 2048 652 2092 tun
663 2057 718 2094 non
729 2055 793 2109 cgct
804 2055 951 2108 responso:
973 2039 1021 2093 sed

227 2109 351 2177 plerique
362 2126 415 2162 non
426 2112 476 2176 piis
487 2111 714 2175 nuorilrussciunt,
725 2111 833 2164 coelum
844 2119 952 2178 etquae
960 2123 1022 2163 coe·

227 2179 255 2231 lo
267 2178 567 2244 clauduntur,hominis
579 2195 677 2232 caussa
688 2195 748 2232 esse
760 2179 880 2233 conditu.
892 2191 953 2232 'run
962 2178 1020 2232 Sci·

226 2257 276 2300 unt
292 2250 418 2317 plerique
434 2263 541 2299 omncs:
561 2248 609 2300 sed
626 2264 681 2302 non
697 2251 824 2302 omnibus
839 2247 893 2302 hoc
907 2251 1022 2301 venitin

228 2325 361 2382 rnantcm3
382 2323 411 2370 ct
427 2320 450 2368 si
465 2318 541 2370 venit
556 2317 585 2368 in
600 2325 732 2380 mentem,
753 2319 815 2386 plus
832 2323 927 2371 tamen
948 2317 1025 2386 cupit

227 2387 388 2456 voluptatis,
394 2386 441 2455 qui
451 2387 539 2454 magis
549 2392 626 2438 amat
637 2385 778 2453 opificem:
789 2386 1023 2456 quemadmodum

187 2494 197 2503 .
227 2457 345 2508 alacrius
355 2460 478 2508 intuetur
489 2456 660 2522 coelum‚qui
669 2456 706 2508 ud
716 2458 801 2508 vitam
812 2456 961 2508 coelestem
974 2456 1022 2508 ad·
1087 2443 1088 2512 Ῐ

226 2527 323 2590 spirat.
353 2540 394 2576 sr.
404 2523 472 2574 Veri
483 2524 626 2575 sinrillima
636 2525 714 2578 dicis.
746 2539 795 2578 rra.
807 2527 864 2578 lam
878 2526 1022 2579 convivio·

226 2609 285 2644 rum
297 2594 420 2644 suavitas
432 2607 485 2642 non
501 2598 545 2644 est
560 2595 615 2643 sita
630 2594 658 2644 in
675 2594 793 2646 lautitiis
807 2595 893 2662 palati
910 2602 960 2647 uut
977 2611 1022 2648 co·
1086 2591 1087 2596 '

226 2675 338 2725 quorum
351 2661 512 2722 condituris,
534 2660 582 2714 sed
593 2663 621 2713 in
631 2675 766 2732 prospera
776 2666 899 2733 corporis
910 2664 1021 2738 valeto·
1086 2729 1087 2741 χ

251 2741 271 2792 ·)
286 2743 336 2785 uio.
346 2742 375 2784 V.
384 2742 532 2798 Metamorpln
