2176 3256
243 179 279 236 m
486 173 813 236 rxeronrrrr.
918 181 922 187 ·
995 143 1001 150 ’

242 271 323 344 Vixit
332 281 561 335 salsamentariae
572 279 601 332 in
612 294 645 333 oo
652 277 776 347 collegio
786 281 844 332 turn
856 272 959 332 acido!
983 277 1056 336 Non

242 353 344 404 mirum
363 352 468 422 igitur,
492 354 517 404 ei
527 357 637 402 tantum
647 356 725 406 tenet
734 351 927 417 quaestionum
939 346 1058 401 theolo-

242 423 380 490 gicarum.
415 421 485 474 Nam
507 421 579 484 illic,
600 425 633 472 ut
653 419 752 483 audio,
772 419 895 486 parietes
909 417 1061 491 ipsimen.

243 503 301 546 tem
312 491 417 544 habeut
427 489 627 560 theologicam.
657 505 697 542 rr.
711 488 758 541 Sic
768 495 827 550 eat,
844 494 877 540 ut
890 487 975 551 diria3
990 501 1057 554 ego

244 567 338 616 tomen
358 565 473 628 praeter
489 575 589 628 corpur
600 559 729 627 pessimis
738 558 872 620 infectam
883 556 1057 609 humoribus

245 637 274 686 et
294 630 487 698 pediculorum
504 631 692 698 largissimam
711 631 819 694 copiam
824 627 902 690 nihil
913 623 995 679 inibe
1005 641 1059 680 ex·

243 699 308 753 tuli.
346 699 450 756 Verum
460 706 629 768 utpergam,
640 697 715 766 qaod
726 700 821 766 coepi3
841 699 871 750 in
884 713 917 752 eo
930 699 1060 767 collegio

224 769 227 780 ’
244 777 305 824 tum
323 770 464 839 regnabat
483 770 602 823 hanuet
622 767 811 831 Standoneua,
825 767 873 821 ¹rir
889 770 984 835 inquo
995 783 1061 820 nora

104 879 111 886 -
214 899 217 906 ,
246 841 409 894 damnasset
423 839 579 902 affectum,
599 837 649 891 sed
666 837 800 892 iudicium
818 838 931 891 omnino
943 837 1064 891 deside-

149 945 153 958 ·
245 925 348 964 recrea.
395 911 507 964 Etenim
528 908 604 976 quod
625 909 695 976 ipae,
708 923 823 960 nnemur
834 909 1060 973 adolescentiae,

246 995 329 1048 qnam
350 995 413 1033 curn
434 985 561 1032 extrema
576 983 741 1046 paupertate
749 982 946 1046 transegerat,
961 978 1062 1030 ratio-

46 1061 54 1080 ‘
151 1105 160 1114 ,
247 1065 311 1102 uem
322 1049 443 1103 babebat
454 1063 607 1116 pauperum
638 1045 949 1116 :vehementerprobari
962 1047 1061 1100 debet.

247 1119 287 1172 Et
299 1120 463 1173 siiiuvenunn
474 1119 605 1184 inopiann
646 1124 743 1170 otarius
754 1117 945 1182 sublevasset,
964 1125 998 1168 ut
1009 1115 1064 1178 ho·

248 1190 341 1242 nentia
350 1189 452 1242 etudiic
462 1193 625 1255 suppeteret
636 1203 729 1240 rerum
740 1203 821 1251 uana,
851 1201 906 1240 non
923 1186 960 1258 ad
971 1186 1065 1239 lasci-

248 1259 324 1312 uiam
345 1259 512 1310 exuberaret
525 1259 627 1325 copia,
647 1256 759 1322 laudem
773 1259 941 1312 merebatur.
981 1257 1068 1310 Cete-

249 1342 312 1382 rum
323 1328 399 1400 guod
409 1342 468 1382 rem
481 1333 686 1396 aggressusest
700 1327 795 1380 cubitu
804 1335 864 1380 tam
876 1327 962 1390 duro,
980 1327 1066 1378 rictu

249 1402 310 1452 tam
325 1412 425 1468 uapore
440 1412 589 1464 parcoque,
607 1397 713 1465 uigiliis
727 1413 760 1450 ae
769 1397 914 1450 laboribus
927 1401 986 1449 tam
1000 1411 1068 1464 gra·

252 1468 348 1532 vibus,
369 1473 401 1520 ut
421 1466 499 1538 intra
512 1483 620 1520 *annum
644 1469 735 1535 prima
758 1467 934 1535 experientia
954 1467 1066 1518 inultos

249 1537 378 1602 iuvenes,
396 1537 473 1592 felici
482 1537 583 1593 ⁴indole
604 1537 763 1606 praeditos,
788 1537 1067 1606 acapemamplissi-

249 1623 323 1668 mam
334 1623 401 1676 prae
413 1607 591 1672 relerentes,
602 1608 754 1666 -alioaneoi
765 1606 891 1672 dederit,
910 1607 984 1660 alios
1000 1623 1067 1660 cae·

155 1679 161 1684 '
252 1675 345 1746 citati,
365 1677 438 1732 alios
458 1677 633 1742 dementiae,
655 1679 803 1732 nonnullos
822 1678 972 1745 etleprae,
993 1692 1067 1744 quo·

250 1761 313 1800 rum
325 1746 504 1815 aliquotipse
515 1749 595 1811 noui,
616 1754 693 1801 certa
702 1749 801 1800 nullus·
808 1747 930 1800 omnium
943 1761 1002 1798 non
1016 1763 1068 1815 pe·

250 1816 393 1884 riclitatuc
414 1824 470 1880 θεῖς
491 1821 555 1886 qnia
567 1833 623 1870 non
633 1818 774 1887 intelligat
785 1833 847 1870 esso
859 1817 1066 1870 crudelitatem

250 1887 280 1940 iu
293 1886 470 1953 proximum!
496 1889 555 1942 Nec
565 1887 610 1942 bia
622 1894 771 1941 contentus
781 1887 890 1940 addidit
900 1886 1022 1957 pallium
1037 1894 1068 1940 et

251 1954 398 2020 wcullanr,
410 1957 515 2010 ademit
525 1961 553 2010 in
564 1963 655 2024 totum
668 1974 744 2010 erum
756 1959 888 2012 carnium.
918 1958 964 2009 «Et
977 1955 1068 2009 huius

250 2027 363 2094 generis
372 2027 542 2094 plantaria*)
554 2027 699 2084 transtulit
708 2027 908 2098 inlonginquac
917 2029 1069 2095 regiones.

251 2095 334 2159 Quod
355 2099 380 2149 ri
400 2097 519 2166 quiaque
539 2105 648 2151 tantum
671 2099 817 2165 permittat
832 2097 1074 2162 intenderemus,

250 2171 384 2232 quantum
397 2167 446 2220 ille
457 2168 601 2235 permisit,
616 2167 743 2221 futurum
755 2174 797 2220 est
806 2173 839 2220 ut
848 2169 971 2220 ictorum
986 2169 1072 2222 sinri-

247 2234 291 2288 lea
300 2242 390 2288 totum
402 2247 538 2306 occupent
549 2237 694 2302 mundum,
716 2237 854 2305 siquidem
863 2252 881 2288 a
891 2237 999 2290 talibus
1013 2239 1071 2292 ini·

247 2307 296 2358 tiie
317 2307 436 2374 primurn
452 2315 515 2360 orta
531 2314 596 2360 sunt
607 2311 792 2371 monasteria,
803 2321 886 2375 ‚quae
896 2323 972 2360 nunc
983 2303 1071 2362 mini·

248 2381 348 2429 untur
356 2377 537 2445 pontificibus
549 2383 577 2430 et
589 2376 755 2430 monarchis.
776 2380 808 2430 ln
820 2378 939 2444 proximi
952 2379 990 2430 ad
1001 2379 1069 2446 pie·

246 2449 334 2498 tutem
346 2446 622 2513 resipiscentialucro
634 2448 749 2514 gloriari
761 2448 836 2514 pium
851 2445 912 2512 'est3
933 2448 964 2500 in
980 2455 1070 2503 veste

247 2521 301 2569 aut
313 2517 375 2570 cibo
386 2516 505 2582 gloriam
516 2531 663 2585 quaerere,
683 2517 875 2572 Pharisaicu‘m
888 2521 944 2572 est:
968 2518 1070 2586 proxi·

246 2595 356 2640 murum
378 2585 502 2653 inopiam
525 2587 684 2650 sublevare,
707 2586 798 2655 pietas
821 2594 877 2652 est3
897 2587 1070 2656 prospicere

248 2668 285 2710 aa
295 2655 465 2726 liberalitate
477 2657 612 2708 bonorum
624 2656 1069 2728 abutanturadluxuurdiscipli·

276 2738 415 2818 Miri*
422 2741 566 2804 mrum,
581 2753 606 2794 r,
619 2737 668 2804 iu.
676 2742 763 2799 planta.
