2192 3270
233 158 680 256 unumunrrcouun.
803 173 853 258 ‘os

34 309 114 357 tasse
126 299 237 370 porcis,
249 307 298 356 aut
308 303 403 367 asinis,
411 309 461 357 aut
471 305 560 357 bubus
572 304 719 374 cyprilet)
736 305 863 362 nubilo

35 373 216 442 hominibus,
228 379 258 424 et
267 373 376 441 quidem
388 373 525 427 delicatis.
560 373 720 428 Pelinorurn
732 373 771 438 **)
782 392 850 444 gens

40 451 90 506 est,
100 442 182 511 apud
195 458 280 512 quarn
297 444 425 496 convivio
439 443 564 496 vicissim
581 447 610 495 in
625 446 736 514 longam
746 445 849 498 ducun-

41 519 84 566 tur
103 513 275 580 periodum:
307 521 463 567 extremam
489 515 726 582 computationem
751 521 852 568 vocant

42 598 88 636 sua
104 584 211 650 lingua
227 583 407 647 Resurntam,
425 583 505 652 quasi
522 599 573 635 nos
595 583 719 636 dicamus
733 583 852 638 bellaria

42 659 87 705 aut
100 653 277 722 tragemata.
313 669 363 708 nu.
374 653 466 718 Quom
475 652 551 706 bella
561 652 692 706 bellaria!
726 668 771 704 uu.
782 653 851 706 llius

42 721 267 790 compotationis
279 719 349 776 buco
359 723 405 774 lex
414 728 480 786 eu,
499 729 530 778 ut
547 724 664 775 liberum
675 723 714 774 sit
725 724 852 776 conviva·

39 795 98 844 tori
108 791 252 860 quidquid
268 792 347 844 uolet
363 806 515 860 apponere:
533 792 615 845 nelos
632 798 725 846 uutern
736 793 775 844 sit
786 806 852 845 coir·
893 803 899 810 ·

36 863 111 914 rivis
124 861 284 930 quidquam
294 861 428 924 reiicere,
448 863 497 914 scd
509 864 603 918 omnia
619 863 684 916 boni
696 863 851 916 consulere.

35 945 82 985 uu.
94 931 178 995 Quid
189 931 216 984 si
227 937 381 1000 apponeret
397 931 534 996 cicutam,
564 938 613 986 aut
629 932 758 986 oramben
770 947 850 986 reco-

33 1001 136 1055 ctarnl
173 1016 221 1054 au.
231 1001 377 1070 Quidquid
385 1003 546 1072 apponitur,
556 1001 745 1056 revocandum
756 1003 797 1055 ibi
808 1007 853 1056 est

33 1073 141 1124 tacite.
188 1070 274 1124 Βοιαὶ
289 1078 383 1126 tamen
398 1073 466 1126 licet
482 1073 558 1140 qnod
572 1073 685 1126 ederint
697 1087 852 1128 revomere.

33 1141 113 1196 Nam
127 1140 193 1192 belo
205 1141 266 1194 sere
282 1147 390 1208 nonunt
404 1144 551 1196 natatilcm
567 1143 687 1207 Betant,
708 1142 853 1195 siveAnti·

35 1211 227 1264 comaritant:
247 1210 318 1263 nibil
329 1214 401 1264 enim
417 1212 506 1266 refert
523 1220 590 1265 utre
605 1213 718 1268 nomine
734 1212 853 1277 suxerim
912 1241 916 1248 ·

34 1297 85 1336 ros
105 1279 208 1334 eadem
224 1287 277 1334 est.
290 1295 296 1304 ’
311 1281 471 1334 Admiscent
489 1282 594 1354 uliquitl
612 1284 714 1352 querni
725 1281 850 1346 corticis,

35 1359 67 1406 et
78 1351 146 1404 allii
159 1349 321 1419 plurimum.
357 1352 402 1404 lta
411 1359 549 1420 moretum
557 1353 714 1406 absolvunt.
731 1351 853 1415 subluis

34 1423 187 1492 persuasit
206 1420 297 1490 legem
318 1426 375 1474 iant
396 1423 563 1476 barbaronil
597 1438 647 1476 ns.
664 1421 853 1484 Consuetudo,

35 1491 143 1562 quovis
155 1497 281 1560 tyranno
297 1491 450 1560 potentior.
486 1509 531 1548 nn.
543 1492 691 1560 Tragicanr
709 1492 864 1560 periodum>

19 1560 112 1616 'mihi
123 1576 245 1625 narras,
264 1577 336 1631 quae
349 1568 408 1616 turn
423 1563 601 1617 inamoenum
619 1560 721 1616 habeat
738 1561 858 1613 orituro.¹

11 1688 14 1696 ¹
35 1646 87 1686 uu.
99 1631 286 1696 Dixi‘oioani
307 1631 413 1698 uicem,
432 1633 506 1686 nulli
524 1631 726 1702 praeiudicans,
745 1630 771 1682 si
792 1629 853 1698 quis

36 1702 110 1770 quid
121 1701 213 1755 habet
222 1701 338 1756 mutius.
371 1717 413 1756 ct.
422 1703 457 1758 At
469 1718 520 1772 ege
536 1703 661 1770 comperi
671 1699 771 1771 priscis
781 1699 854 1752 luis-¹

37 1789 67 1826 ss
91 1773 213 1840 piscem,
230 1786 313 1844 quiem
332 1779 435 1826 vocant
455 1773 697 1826 Anticomaritam.
732 1785 778 1824 ns.
799 1770 853 1822 Dic

36 1849 200 1896 auctorem.
236 1857 279 1894 cn.
291 1841 422 1895 codicem
446 1839 579 1898 exhibere
601 1855 732 1910 possumv
750 1855 853 1894 nomon

36 1911 169 1965 auctoris
184 1926 241 1962 non
256 1925 370 1984 possum
388 1911 489 1966 dicere.
531 1911 656 1980 Scriptus
671 1917 715 1964 est
733 1911 852 1973 Gallice,

37 1983 89 2034 sed
113 1979 247 2034 formulis
262 1982 420 2034 Hebraicis.
452 1983 603 2052 anunr
625 1980 747 2051 speciem
768 1979 854 2032 babet

36 2051 129 2122 piscis
141 2051 361 2103 Anticomarital
395 2065 437 2106 cu.
449 2054 551 2106 Cetera
567 2052 655 2121 nigris
666 2051 789 2119 squamis
802 2057 855 2113 est,

37 2121 123 2174 solus
134 2127 236 2174 venter
252 2120 340 2174 albet.
376 2120 755 2192 un.l'aliiatumquerupiam
770 2120 853 2188 Gyoi·

38 2205 115 2258 curn,
127 2191 246 2258 opinor,
268 2189 349 2242 nobis
360 2205 394 2243 ex
406 2193 480 2258 pisce
492 2191 590 2246 iacies.
609 2191 664 2254 (lui
675 2188 774 2257 sapore
811 2203 854 2240 cr.

38 2259 124 2312 Nilril
144 2259 301 2312 insuavius.
337 2261 411 2324 Quin
431 2263 565 2329 pestilens
584 2269 636 2325 est.
672 2257 806 2311 Nascitur
821 2256 853 2307 ln

36 2329 176 2397 putribus
193 2329 314 2393 lacunis,
334 2329 479 2386 interdum
497 2336 566 2386 etin
582 2329 695 2396 cloacis,
714 2329 797 2388 iners,
816 2324 851 2376 li·

38 2415 157 2451 mosne:
180 2398 244 2450 tolo
264 2403 348 2466 gustu
371 2402 501 2466 pituitam
518 2402 608 2469 gignit
627 2411 753 2468 gravem,
769 2407 852 2463 quam

38 2469 88 2520 rix
105 2467 219 2520 vomitu
241 2467 326 2520 leues.
362 2469 508 2538 Frequens
529 2477 574 2524 est
592 2469 620 2522 in
635 2469 748 2535 regione
769 2477 853 2532 quant

40 2535 242 2596 Celtitliracen
263 2538 414 2605 appellant.
450 2539 521 2592 Nnrn
542 2537 649 2591 illicio
670 2533 779 2587 deliciis
801 2538 854 2596 est,

39 2607 120 2677 quod
142 2613 275 2678 gustasse
291 2614 392 2663 'carnes
414 2607 609 2664 detestabilius
630 2605 669 2658 sit
691 2602 853 2656 homicidio.

69 2713 93 2762 ⁰)
102 2713 166 2762 Qum
176 2710 244 2753 aiunt
253 2708 308 2752 olim
318 2715 418 2756 stercore
424 2703 525 2755 'brimeno
536 2710 598 2766 pasci
608 2707 696 2752 nolitne.

72 2769 107 2820 *Ὁ
122 2767 177 2812 Vox
185 2767 249 2817 suta,
265 2767 380 2812 uturultte
390 2769 514 2814 onitinoiu
523 2767 565 2812 hoe
573 2765 631 2811 (toli
